ticker,period_end,fiscal_period,report_type,statement
TICK001,2021-03-31,Q,income_statement_quarterly,"{'Revenue': 93549.46531378446, 'NetIncome': 9383.092897343204, 'OperatingCashFlow': 34270.30741394765, 'EPS': 6.376217167163781}"
TICK001,2021-06-30,Q,income_statement_quarterly,"{'Revenue': 130866.57248395142, 'NetIncome': 1171.8419627244125, 'OperatingCashFlow': 34152.99445282735, 'EPS': 2.416420230740741}"
TICK001,2021-09-30,Q,income_statement_quarterly,"{'Revenue': 27266.208233398294, 'NetIncome': 8481.03939976056, 'OperatingCashFlow': 37628.81397995928, 'EPS': 2.341289923916287}"
TICK001,2021-12-31,Q,income_statement_quarterly,"{'Revenue': 139668.06880713272, 'NetIncome': 3527.0757754018027, 'OperatingCashFlow': 7244.536435599979, 'EPS': 5.940215891143465}"
TICK001,2022-03-31,Q,income_statement_quarterly,"{'Revenue': 19917.232714973085, 'NetIncome': 2232.9068361706695, 'OperatingCashFlow': 13765.703484491927, 'EPS': 3.6127265326530758}"
TICK001,2022-06-30,Q,income_statement_quarterly,"{'Revenue': 13912.55004218346, 'NetIncome': 2864.2660622720628, 'OperatingCashFlow': 38009.23100325654, 'EPS': 6.800576346960417}"
TICK001,2022-09-30,Q,income_statement_quarterly,"{'Revenue': 103148.21809483596, 'NetIncome': 11044.055196134397, 'OperatingCashFlow': 2678.320423135847, 'EPS': 2.476073345081777}"
TICK001,2022-12-31,Q,income_statement_quarterly,"{'Revenue': 51230.87002191975, 'NetIncome': 17372.469837646735, 'OperatingCashFlow': 36513.713849921354, 'EPS': 2.7646537974564716}"
TICK001,2023-03-31,Q,income_statement_quarterly,"{'Revenue': 148988.49576177957, 'NetIncome': 4362.93076048054, 'OperatingCashFlow': 22276.440655968192, 'EPS': 6.319900643265676}"
TICK001,2023-06-30,Q,income_statement_quarterly,"{'Revenue': 113829.62291359733, 'NetIncome': 6253.576926230852, 'OperatingCashFlow': 15653.598701957739, 'EPS': 5.269740479936458}"
TICK001,2023-09-30,Q,income_statement_quarterly,"{'Revenue': 90836.96607551754, 'NetIncome': 2822.8485288359266, 'OperatingCashFlow': 20683.315857876325, 'EPS': 0.9742899491358941}"
TICK001,2023-12-31,Q,income_statement_quarterly,"{'Revenue': 11238.906183434148, 'NetIncome': 3151.9183966044375, 'OperatingCashFlow': 17622.446733578563, 'EPS': 6.611593139636731}"
TICK001,2024-03-31,Q,income_statement_quarterly,"{'Revenue': 14922.741955139621, 'NetIncome': 13846.527169806177, 'OperatingCashFlow': 11142.833498621436, 'EPS': 6.711431514558821}"
TICK001,2024-06-30,Q,income_statement_quarterly,"{'Revenue': 108274.10795838777, 'NetIncome': 884.2870454825852, 'OperatingCashFlow': 7592.774306719933, 'EPS': 9.786465043069109}"
TICK001,2024-09-30,Q,income_statement_quarterly,"{'Revenue': 142512.30751723627, 'NetIncome': 7234.786805166721, 'OperatingCashFlow': 16436.290718631408, 'EPS': 9.476794826472327}"
TICK001,2024-12-31,Q,income_statement_quarterly,"{'Revenue': 90835.04659131152, 'NetIncome': 15238.019818538067, 'OperatingCashFlow': 16777.168080185864, 'EPS': 8.208032890435348}"
TICK002,2021-03-31,Q,income_statement_quarterly,"{'Revenue': 145077.078347628, 'NetIncome': 5675.230835563249, 'OperatingCashFlow': 12334.456570824557, 'EPS': 7.62354611808615}"
TICK002,2021-06-30,Q,income_statement_quarterly,"{'Revenue': 99274.88939248762, 'NetIncome': 18035.184519430502, 'OperatingCashFlow': 37754.3570717308, 'EPS': 4.536582726948052}"
TICK002,2021-09-30,Q,income_statement_quarterly,"{'Revenue': 27372.316744587733, 'NetIncome': 16338.400528561218, 'OperatingCashFlow': 7837.549949840705, 'EPS': 5.32204818798464}"
TICK002,2021-12-31,Q,income_statement_quarterly,"{'Revenue': 100453.00511757996, 'NetIncome': 14637.730029426022, 'OperatingCashFlow': 22333.7460527271, 'EPS': 5.661971495552616}"
TICK002,2022-03-31,Q,income_statement_quarterly,"{'Revenue': 31271.725356760195, 'NetIncome': 16180.421059983972, 'OperatingCashFlow': 34537.128087228935, 'EPS': 7.5718066349180715}"
TICK002,2022-06-30,Q,income_statement_quarterly,"{'Revenue': 76096.91950886218, 'NetIncome': 14568.846264099124, 'OperatingCashFlow': 38163.073668291174, 'EPS': 4.906400510355375}"
TICK002,2022-09-30,Q,income_statement_quarterly,"{'Revenue': 113276.66015304238, 'NetIncome': 3917.7682393420373, 'OperatingCashFlow': 38713.88990381753, 'EPS': 1.0835417671748837}"
TICK002,2022-12-31,Q,income_statement_quarterly,"{'Revenue': 124778.19384684792, 'NetIncome': 16981.879010701414, 'OperatingCashFlow': 11546.133511060529, 'EPS': 3.8639684841554875}"
TICK002,2023-03-31,Q,income_statement_quarterly,"{'Revenue': 115068.39148576825, 'NetIncome': 11017.635646988952, 'OperatingCashFlow': 25259.36391237441, 'EPS': 1.888307862958273}"
TICK002,2023-06-30,Q,income_statement_quarterly,"{'Revenue': 57237.62466842718, 'NetIncome': 12884.132336480956, 'OperatingCashFlow': 2476.294813183309, 'EPS': 3.0698450938318134}"
TICK002,2023-09-30,Q,income_statement_quarterly,"{'Revenue': 94617.33619384884, 'NetIncome': 15002.017537698177, 'OperatingCashFlow': 32906.52084791579, 'EPS': 9.13272166492035}"
TICK002,2023-12-31,Q,income_statement_quarterly,"{'Revenue': 53277.77495921868, 'NetIncome': 12598.469679211006, 'OperatingCashFlow': 38615.98555838679, 'EPS': 7.513804429281178}"
TICK002,2024-03-31,Q,income_statement_quarterly,"{'Revenue': 71351.9364712662, 'NetIncome': 6858.1111052258975, 'OperatingCashFlow': 15641.999225177535, 'EPS': 7.306381594633239}"
TICK002,2024-06-30,Q,income_statement_quarterly,"{'Revenue': 102117.66122568162, 'NetIncome': 10702.91056617194, 'OperatingCashFlow': 14440.827588103128, 'EPS': 3.1021025561700277}"
TICK002,2024-09-30,Q,income_statement_quarterly,"{'Revenue': 116601.44102180697, 'NetIncome': 5673.075002034408, 'OperatingCashFlow': 36366.038510280625, 'EPS': 9.424851204027462}"
TICK002,2024-12-31,Q,income_statement_quarterly,"{'Revenue': 146720.0940948484, 'NetIncome': 9311.768022898363, 'OperatingCashFlow': 37942.069565124075, 'EPS': 2.0600512560154334}"
TICK003,2021-03-31,Q,income_statement_quarterly,"{'Revenue': 110513.80402983078, 'NetIncome': 7371.635474013886, 'OperatingCashFlow': 33449.23377753848, 'EPS': 0.668799815849108}"
TICK003,2021-06-30,Q,income_statement_quarterly,"{'Revenue': 77771.7759643398, 'NetIncome': 16367.703560445052, 'OperatingCashFlow': 29351.736545427164, 'EPS': 2.781949892616711}"
TICK003,2021-09-30,Q,income_statement_quarterly,"{'Revenue': 32159.15083999201, 'NetIncome': 4509.701081516574, 'OperatingCashFlow': 37342.04505087218, 'EPS': 2.6949904112473226}"
TICK003,2021-12-31,Q,income_statement_quarterly,"{'Revenue': 58757.4544133175, 'NetIncome': 11300.728953140575, 'OperatingCashFlow': 15120.640455777127, 'EPS': 2.60747095110595}"
TICK003,2022-03-31,Q,income_statement_quarterly,"{'Revenue': 112195.06732003426, 'NetIncome': 15576.247391376997, 'OperatingCashFlow': 21966.0945053638, 'EPS': 4.767526783797701}"
TICK003,2022-06-30,Q,income_statement_quarterly,"{'Revenue': 117220.31997545791, 'NetIncome': 8580.08529997282, 'OperatingCashFlow': 3974.098155727057, 'EPS': 3.1541206868891005}"
TICK003,2022-09-30,Q,income_statement_quarterly,"{'Revenue': 77330.4272896764, 'NetIncome': 7149.161197438619, 'OperatingCashFlow': 21478.25425762348, 'EPS': 5.348528991695649}"
TICK003,2022-12-31,Q,income_statement_quarterly,"{'Revenue': 111630.19541855782, 'NetIncome': 2985.2846236222463, 'OperatingCashFlow': 35293.84689275356, 'EPS': 9.225371168341612}"
TICK003,2023-03-31,Q,income_statement_quarterly,"{'Revenue': 8634.083467977125, 'NetIncome': 7932.322237343747, 'OperatingCashFlow': 39809.75274278649, 'EPS': 5.026608233727078}"
TICK003,2023-06-30,Q,income_statement_quarterly,"{'Revenue': 24686.126334854012, 'NetIncome': 11562.190652730947, 'OperatingCashFlow': 20434.405729031405, 'EPS': 6.9249408492484426}"
TICK003,2023-09-30,Q,income_statement_quarterly,"{'Revenue': 45008.882609947905, 'NetIncome': 13374.246660134495, 'OperatingCashFlow': 15691.20153382847, 'EPS': 8.466065896955985}"
TICK003,2023-12-31,Q,income_statement_quarterly,"{'Revenue': 58295.5685078287, 'NetIncome': 14649.63959407651, 'OperatingCashFlow': 29958.48884899607, 'EPS': 8.517177961895934}"
TICK003,2024-03-31,Q,income_statement_quarterly,"{'Revenue': 43872.57121364813, 'NetIncome': 6555.125355005751, 'OperatingCashFlow': 8169.5498041594, 'EPS': 8.127418694312809}"
TICK003,2024-06-30,Q,income_statement_quarterly,"{'Revenue': 10040.220993432815, 'NetIncome': 11888.367537541963, 'OperatingCashFlow': 38484.93644458712, 'EPS': 3.1570676713540062}"
TICK003,2024-09-30,Q,income_statement_quarterly,"{'Revenue': 141241.18624893445, 'NetIncome': 4188.938750546501, 'OperatingCashFlow': 24370.15510966943, 'EPS': 4.420522891502006}"
TICK003,2024-12-31,Q,income_statement_quarterly,"{'Revenue': 62523.32574127729, 'NetIncome': 15486.08326075565, 'OperatingCashFlow': 6222.777501606227, 'EPS': 7.63851186324618}"
TICK004,2021-03-31,Q,income_statement_quarterly,"{'Revenue': 115908.25342024991, 'NetIncome': 12376.028935226672, 'OperatingCashFlow': 25615.14284652777, 'EPS': 7.080737579614984}"
TICK004,2021-06-30,Q,income_statement_quarterly,"{'Revenue': 13314.192306146277, 'NetIncome': 16524.064851446914, 'OperatingCashFlow': 14855.816305600398, 'EPS': 9.579110106203395}"
TICK004,2021-09-30,Q,income_statement_quarterly,"{'Revenue': 147630.83965837053, 'NetIncome': 13993.338425687984, 'OperatingCashFlow': 37564.34127942477, 'EPS': 7.350735447014383}"
TICK004,2021-12-31,Q,income_statement_quarterly,"{'Revenue': 17417.839918781487, 'NetIncome': 10675.638654232112, 'OperatingCashFlow': 21827.065844588433, 'EPS': 4.242684567787453}"
TICK004,2022-03-31,Q,income_statement_quarterly,"{'Revenue': 149786.43040067586, 'NetIncome': 4570.004565023556, 'OperatingCashFlow': 6102.1154940675715, 'EPS': 9.748524474719936}"
TICK004,2022-06-30,Q,income_statement_quarterly,"{'Revenue': 41865.41714076896, 'NetIncome': 3571.763589616118, 'OperatingCashFlow': 10396.392504246523, 'EPS': 9.910985769164459}"
TICK004,2022-09-30,Q,income_statement_quarterly,"{'Revenue': 67970.42603200465, 'NetIncome': 18738.509258941715, 'OperatingCashFlow': 23058.139646199183, 'EPS': 9.116436645574106}"
TICK004,2022-12-31,Q,income_statement_quarterly,"{'Revenue': 59585.204053837886, 'NetIncome': 16968.768372892264, 'OperatingCashFlow': 25537.373827127678, 'EPS': 9.256542150280524}"
TICK004,2023-03-31,Q,income_statement_quarterly,"{'Revenue': 78719.9874803677, 'NetIncome': 15191.568050845124, 'OperatingCashFlow': 22603.26506655842, 'EPS': 1.2900004632776403}"
TICK004,2023-06-30,Q,income_statement_quarterly,"{'Revenue': 137020.73356630828, 'NetIncome': 2121.622324635504, 'OperatingCashFlow': 17710.631442512517, 'EPS': 2.3549790231088004}"
TICK004,2023-09-30,Q,income_statement_quarterly,"{'Revenue': 57031.452265090535, 'NetIncome': 11360.834673029633, 'OperatingCashFlow': 25852.333788326257, 'EPS': 1.558643818516402}"
TICK004,2023-12-31,Q,income_statement_quarterly,"{'Revenue': 110467.10027409442, 'NetIncome': 10923.77335787771, 'OperatingCashFlow': 6295.696500628362, 'EPS': 5.539031244127943}"
TICK004,2024-03-31,Q,income_statement_quarterly,"{'Revenue': 84869.46961328953, 'NetIncome': 11707.498094515075, 'OperatingCashFlow': 39809.07237921706, 'EPS': 9.48178166820232}"
TICK004,2024-06-30,Q,income_statement_quarterly,"{'Revenue': 37112.67220998215, 'NetIncome': 11906.51898178209, 'OperatingCashFlow': 15337.24143499746, 'EPS': 3.5674665882129273}"
TICK004,2024-09-30,Q,income_statement_quarterly,"{'Revenue': 12023.783231443129, 'NetIncome': 18968.035766676756, 'OperatingCashFlow': 17061.253763451277, 'EPS': 9.294258638788817}"
TICK004,2024-12-31,Q,income_statement_quarterly,"{'Revenue': 59568.34896152624, 'NetIncome': 19413.12665737768, 'OperatingCashFlow': 28485.328565322125, 'EPS': 1.147096641452955}"
TICK005,2021-03-31,Q,income_statement_quarterly,"{'Revenue': 80950.40052960068, 'NetIncome': 942.3686522045846, 'OperatingCashFlow': 17230.5730821928, 'EPS': 0.514509766261956}"
TICK005,2021-06-30,Q,income_statement_quarterly,"{'Revenue': 91446.48763371987, 'NetIncome': 10774.084748850208, 'OperatingCashFlow': 28254.460317797402, 'EPS': 4.576881730327742}"
TICK005,2021-09-30,Q,income_statement_quarterly,"{'Revenue': 114778.95162591444, 'NetIncome': 14661.404301431263, 'OperatingCashFlow': 11485.074813922243, 'EPS': 6.154905099634295}"
TICK005,2021-12-31,Q,income_statement_quarterly,"{'Revenue': 117524.01803733158, 'NetIncome': 5652.055086022814, 'OperatingCashFlow': 32170.69292157516, 'EPS': 6.408272700498086}"
TICK005,2022-03-31,Q,income_statement_quarterly,"{'Revenue': 70257.57336177395, 'NetIncome': 12780.765729175031, 'OperatingCashFlow': 28330.065996582427, 'EPS': 9.26753976277604}"
TICK005,2022-06-30,Q,income_statement_quarterly,"{'Revenue': 94713.00047492789, 'NetIncome': 15910.366748110462, 'OperatingCashFlow': 13400.510487062047, 'EPS': 8.017701592167343}"
TICK005,2022-09-30,Q,income_statement_quarterly,"{'Revenue': 109603.37497210322, 'NetIncome': 17122.81210548352, 'OperatingCashFlow': 6165.136998133503, 'EPS': 8.91440389831333}"
TICK005,2022-12-31,Q,income_statement_quarterly,"{'Revenue': 128962.92313232787, 'NetIncome': 9138.751509487449, 'OperatingCashFlow': 31411.07388251911, 'EPS': 9.781194074283281}"
TICK005,2023-03-31,Q,income_statement_quarterly,"{'Revenue': 134328.53563767567, 'NetIncome': 8096.22723582211, 'OperatingCashFlow': 17189.1271969272, 'EPS': 4.102739787771842}"
TICK005,2023-06-30,Q,income_statement_quarterly,"{'Revenue': 50571.837232555874, 'NetIncome': 15964.842825462634, 'OperatingCashFlow': 34409.78435088899, 'EPS': 6.558357363500862}"
TICK005,2023-09-30,Q,income_statement_quarterly,"{'Revenue': 110553.11784628006, 'NetIncome': 18921.381922908553, 'OperatingCashFlow': 10573.232829645545, 'EPS': 2.5969375421826344}"
TICK005,2023-12-31,Q,income_statement_quarterly,"{'Revenue': 93440.52912960605, 'NetIncome': 7818.2097045137925, 'OperatingCashFlow': 2784.711695220144, 'EPS': 4.5945170421579835}"
TICK005,2024-03-31,Q,income_statement_quarterly,"{'Revenue': 66136.55354839555, 'NetIncome': 4688.63366165079, 'OperatingCashFlow': 3486.2754574403434, 'EPS': 8.175951765529245}"
TICK005,2024-06-30,Q,income_statement_quarterly,"{'Revenue': 109708.75655233774, 'NetIncome': 15192.344207248825, 'OperatingCashFlow': 34533.942877926354, 'EPS': 4.018842716120339}"
TICK005,2024-09-30,Q,income_statement_quarterly,"{'Revenue': 67944.5689965025, 'NetIncome': 5962.04945162723, 'OperatingCashFlow': 36477.516622617564, 'EPS': 6.804855303300066}"
TICK005,2024-12-31,Q,income_statement_quarterly,"{'Revenue': 69890.55962569879, 'NetIncome': 19780.74302975079, 'OperatingCashFlow': 9508.107916198906, 'EPS': 7.959494846693987}"
TICK006,2021-03-31,Q,income_statement_quarterly,"{'Revenue': 135815.26104838663, 'NetIncome': 10199.384360990569, 'OperatingCashFlow': 8238.020780811114, 'EPS': 4.632497517404307}"
TICK006,2021-06-30,Q,income_statement_quarterly,"{'Revenue': 38578.61508629633, 'NetIncome': 4131.390881713027, 'OperatingCashFlow': 35298.70853404006, 'EPS': 1.6091911855473973}"
TICK006,2021-09-30,Q,income_statement_quarterly,"{'Revenue': 77237.81502672024, 'NetIncome': 15120.771220383267, 'OperatingCashFlow': 21112.244727768775, 'EPS': 4.763433856952893}"
TICK006,2021-12-31,Q,income_statement_quarterly,"{'Revenue': 140358.01605709956, 'NetIncome': 17425.44007426236, 'OperatingCashFlow': 3176.942789364579, 'EPS': 1.100761695509017}"
TICK006,2022-03-31,Q,income_statement_quarterly,"{'Revenue': 22552.9414701216, 'NetIncome': 2866.608741103037, 'OperatingCashFlow': 6136.4894654677755, 'EPS': 4.892846708590013}"
TICK006,2022-06-30,Q,income_statement_quarterly,"{'Revenue': 50663.82226555261, 'NetIncome': 17330.834303765136, 'OperatingCashFlow': 12454.66913232423, 'EPS': 4.775819630094261}"
TICK006,2022-09-30,Q,income_statement_quarterly,"{'Revenue': 46078.15848307944, 'NetIncome': 9101.529274004597, 'OperatingCashFlow': 5038.115279696294, 'EPS': 9.35429777139438}"
TICK006,2022-12-31,Q,income_statement_quarterly,"{'Revenue': 121420.8402246945, 'NetIncome': 17239.961266839284, 'OperatingCashFlow': 16061.182303760452, 'EPS': 1.902197132113537}"
TICK006,2023-03-31,Q,income_statement_quarterly,"{'Revenue': 130133.08486241513, 'NetIncome': 19352.544929609554, 'OperatingCashFlow': 33884.53126995071, 'EPS': 2.794157184638115}"
TICK006,2023-06-30,Q,income_statement_quarterly,"{'Revenue': 53815.29184666961, 'NetIncome': 5819.351607065562, 'OperatingCashFlow': 5374.22446654022, 'EPS': 3.7846198923990064}"
TICK006,2023-09-30,Q,income_statement_quarterly,"{'Revenue': 5387.83574879497, 'NetIncome': 19562.237038749998, 'OperatingCashFlow': 30030.77249245957, 'EPS': 2.3451925409441934}"
TICK006,2023-12-31,Q,income_statement_quarterly,"{'Revenue': 38598.29073406133, 'NetIncome': 16191.97414542516, 'OperatingCashFlow': 20458.533568802482, 'EPS': 3.598464033476646}"
TICK006,2024-03-31,Q,income_statement_quarterly,"{'Revenue': 28353.676020277304, 'NetIncome': 18430.018180412702, 'OperatingCashFlow': 20273.24007054077, 'EPS': 2.6003446704197466}"
TICK006,2024-06-30,Q,income_statement_quarterly,"{'Revenue': 92678.73932829702, 'NetIncome': 3261.4014275441073, 'OperatingCashFlow': 15796.445314238734, 'EPS': 5.046989909993997}"
TICK006,2024-09-30,Q,income_statement_quarterly,"{'Revenue': 73184.52131732332, 'NetIncome': 18578.214122192923, 'OperatingCashFlow': 20597.808428231478, 'EPS': 1.1636037188783521}"
TICK006,2024-12-31,Q,income_statement_quarterly,"{'Revenue': 149249.76531313217, 'NetIncome': 19347.564073152244, 'OperatingCashFlow': 31831.31496766153, 'EPS': 1.0167596650061501}"
TICK007,2021-03-31,Q,income_statement_quarterly,"{'Revenue': 51555.83010579632, 'NetIncome': 13728.089503737236, 'OperatingCashFlow': 21186.586675328075, 'EPS': 1.247581284460232}"
TICK007,2021-06-30,Q,income_statement_quarterly,"{'Revenue': 127397.43081484521, 'NetIncome': 9653.937077070164, 'OperatingCashFlow': 2958.0045490023604, 'EPS': 7.594556542859945}"
TICK007,2021-09-30,Q,income_statement_quarterly,"{'Revenue': 94860.2726847181, 'NetIncome': 5901.407882138529, 'OperatingCashFlow': 24988.386522180426, 'EPS': 5.24484742352768}"
TICK007,2021-12-31,Q,income_statement_quarterly,"{'Revenue': 94244.96750333508, 'NetIncome': 1909.841102849675, 'OperatingCashFlow': 36992.22874370804, 'EPS': 4.012872193828814}"
TICK007,2022-03-31,Q,income_statement_quarterly,"{'Revenue': 43850.651541104016, 'NetIncome': 8069.63495802408, 'OperatingCashFlow': 3125.9025845655556, 'EPS': 8.642016501501653}"
TICK007,2022-06-30,Q,income_statement_quarterly,"{'Revenue': 62475.67387606905, 'NetIncome': 9854.430259900675, 'OperatingCashFlow': 12100.980357548637, 'EPS': 3.390164614658193}"
TICK007,2022-09-30,Q,income_statement_quarterly,"{'Revenue': 66046.41828285168, 'NetIncome': 11644.466850704368, 'OperatingCashFlow': 38571.95952316972, 'EPS': 6.430153686172918}"
TICK007,2022-12-31,Q,income_statement_quarterly,"{'Revenue': 56046.02118440393, 'NetIncome': 14562.239536698295, 'OperatingCashFlow': 27310.904641776808, 'EPS': 9.504460709787583}"
TICK007,2023-03-31,Q,income_statement_quarterly,"{'Revenue': 128805.16869087018, 'NetIncome': 11624.408282633347, 'OperatingCashFlow': 23354.02917840398, 'EPS': 3.6784990782977296}"
TICK007,2023-06-30,Q,income_statement_quarterly,"{'Revenue': 94888.70241429625, 'NetIncome': 1054.1062716047923, 'OperatingCashFlow': 36567.43097736489, 'EPS': 2.8012368235618004}"
TICK007,2023-09-30,Q,income_statement_quarterly,"{'Revenue': 31636.46979663834, 'NetIncome': 5225.618481841146, 'OperatingCashFlow': 8631.826163528853, 'EPS': 2.458779699347521}"
TICK007,2023-12-31,Q,income_statement_quarterly,"{'Revenue': 87462.69578550117, 'NetIncome': 10880.639248004134, 'OperatingCashFlow': 31227.737283423772, 'EPS': 9.895015286887798}"
TICK007,2024-03-31,Q,income_statement_quarterly,"{'Revenue': 76404.13810199105, 'NetIncome': 5292.85262781646, 'OperatingCashFlow': 6409.154063196804, 'EPS': 3.8412362942751836}"
TICK007,2024-06-30,Q,income_statement_quarterly,"{'Revenue': 111594.26692921213, 'NetIncome': 15934.488230318571, 'OperatingCashFlow': 10572.192346044721, 'EPS': 9.360636993852488}"
TICK007,2024-09-30,Q,income_statement_quarterly,"{'Revenue': 146113.45444420291, 'NetIncome': 16058.630633283527, 'OperatingCashFlow': 28644.47414004586, 'EPS': 5.802488017439159}"
TICK007,2024-12-31,Q,income_statement_quarterly,"{'Revenue': 135402.12758171748, 'NetIncome': 18116.613676992445, 'OperatingCashFlow': 12491.558064563551, 'EPS': 5.90607143416367}"
TICK008,2021-03-31,Q,income_statement_quarterly,"{'Revenue': 126477.1025327771, 'NetIncome': 19561.563773995593, 'OperatingCashFlow': 27449.86204345177, 'EPS': 6.920987516251599}"
TICK008,2021-06-30,Q,income_statement_quarterly,"{'Revenue': 79735.39602446259, 'NetIncome': 13667.988689945247, 'OperatingCashFlow': 13332.246509055798, 'EPS': 4.021343622909244}"
TICK008,2021-09-30,Q,income_statement_quarterly,"{'Revenue': 112593.27880576868, 'NetIncome': 9310.105445725096, 'OperatingCashFlow': 17239.81113160676, 'EPS': 1.1938290878960776}"
TICK008,2021-12-31,Q,income_statement_quarterly,"{'Revenue': 66345.2741094468, 'NetIncome': 17688.313742073384, 'OperatingCashFlow': 26023.297067164553, 'EPS': 9.12083358785188}"
TICK008,2022-03-31,Q,income_statement_quarterly,"{'Revenue': 7334.437924982458, 'NetIncome': 2214.083388057109, 'OperatingCashFlow': 16142.12577347989, 'EPS': 4.677975152918106}"
TICK008,2022-06-30,Q,income_statement_quarterly,"{'Revenue': 127185.25724958998, 'NetIncome': 3954.1422798964845, 'OperatingCashFlow': 21426.984257164724, 'EPS': 8.134714762925206}"
TICK008,2022-09-30,Q,income_statement_quarterly,"{'Revenue': 90254.6355343572, 'NetIncome': 8629.299521126133, 'OperatingCashFlow': 27620.2349469847, 'EPS': 2.3094625243495672}"
TICK008,2022-12-31,Q,income_statement_quarterly,"{'Revenue': 130240.8856404259, 'NetIncome': 12628.13240918996, 'OperatingCashFlow': 36514.246165802644, 'EPS': 3.3635148818045635}"
TICK008,2023-03-31,Q,income_statement_quarterly,"{'Revenue': 53389.91965041887, 'NetIncome': 14953.451047783234, 'OperatingCashFlow': 6080.744411065487, 'EPS': 6.124341933519134}"
TICK008,2023-06-30,Q,income_statement_quarterly,"{'Revenue': 56772.10985984196, 'NetIncome': 11105.482178166341, 'OperatingCashFlow': 29478.68044370952, 'EPS': 1.5697483672809034}"
TICK008,2023-09-30,Q,income_statement_quarterly,"{'Revenue': 37005.37798642221, 'NetIncome': 18915.282919318946, 'OperatingCashFlow': 22878.514655313753, 'EPS': 5.793064965357456}"
TICK008,2023-12-31,Q,income_statement_quarterly,"{'Revenue': 19627.59622485192, 'NetIncome': 3959.6858252389743, 'OperatingCashFlow': 22542.15695880328, 'EPS': 6.494208051701077}"
TICK008,2024-03-31,Q,income_statement_quarterly,"{'Revenue': 97493.25067781463, 'NetIncome': 8544.96819639421, 'OperatingCashFlow': 14969.670765032388, 'EPS': 1.0552809579868847}"
TICK008,2024-06-30,Q,income_statement_quarterly,"{'Revenue': 115576.56635075095, 'NetIncome': 10905.896603156323, 'OperatingCashFlow': 22334.1822199321, 'EPS': 5.597578113888594}"
TICK008,2024-09-30,Q,income_statement_quarterly,"{'Revenue': 106288.55371065228, 'NetIncome': 5825.7176129353575, 'OperatingCashFlow': 17490.353838921328, 'EPS': 9.763729816150148}"
TICK008,2024-12-31,Q,income_statement_quarterly,"{'Revenue': 41402.083550407464, 'NetIncome': 6002.68917775621, 'OperatingCashFlow': 35618.063916350184, 'EPS': 6.415608849068644}"
TICK009,2021-03-31,Q,income_statement_quarterly,"{'Revenue': 141199.2047260141, 'NetIncome': 18440.82766058046, 'OperatingCashFlow': 10549.862744044673, 'EPS': 2.1169892776156995}"
TICK009,2021-06-30,Q,income_statement_quarterly,"{'Revenue': 60578.07636171049, 'NetIncome': 7201.372751149206, 'OperatingCashFlow': 19781.629152065765, 'EPS': 5.4857855379352705}"
TICK009,2021-09-30,Q,income_statement_quarterly,"{'Revenue': 144003.01449716915, 'NetIncome': 18234.648585660187, 'OperatingCashFlow': 32051.226217355164, 'EPS': 7.717835302240133}"
TICK009,2021-12-31,Q,income_statement_quarterly,"{'Revenue': 32968.27965107518, 'NetIncome': 5830.753261710692, 'OperatingCashFlow': 18990.6627961764, 'EPS': 6.832571541174632}"
TICK009,2022-03-31,Q,income_statement_quarterly,"{'Revenue': 144213.36879862857, 'NetIncome': 17770.297634552408, 'OperatingCashFlow': 11250.71568719889, 'EPS': 2.8285573182859407}"
TICK009,2022-06-30,Q,income_statement_quarterly,"{'Revenue': 138104.29209134678, 'NetIncome': 6955.4263051819225, 'OperatingCashFlow': 27605.2263059188, 'EPS': 6.460149075156723}"
TICK009,2022-09-30,Q,income_statement_quarterly,"{'Revenue': 99581.30443645413, 'NetIncome': 4092.0110444575384, 'OperatingCashFlow': 38476.5628582024, 'EPS': 8.200732992999376}"
TICK009,2022-12-31,Q,income_statement_quarterly,"{'Revenue': 99506.30021859668, 'NetIncome': 2375.7252126950234, 'OperatingCashFlow': 29054.40760593626, 'EPS': 5.128063897200994}"
TICK009,2023-03-31,Q,income_statement_quarterly,"{'Revenue': 62830.69686813079, 'NetIncome': 12798.646158451245, 'OperatingCashFlow': 17666.810524680634, 'EPS': 9.618349945674396}"
TICK009,2023-06-30,Q,income_statement_quarterly,"{'Revenue': 77336.88826832655, 'NetIncome': 11421.601309940168, 'OperatingCashFlow': 38365.325756651364, 'EPS': 4.546213180577277}"
TICK009,2023-09-30,Q,income_statement_quarterly,"{'Revenue': 22123.347204271246, 'NetIncome': 9479.22610079794, 'OperatingCashFlow': 31481.026587442888, 'EPS': 2.7073837038686266}"
TICK009,2023-12-31,Q,income_statement_quarterly,"{'Revenue': 66045.49845712836, 'NetIncome': 4163.66399310859, 'OperatingCashFlow': 4055.589174406299, 'EPS': 9.11298807892505}"
TICK009,2024-03-31,Q,income_statement_quarterly,"{'Revenue': 138092.166789978, 'NetIncome': 6979.471996566483, 'OperatingCashFlow': 33161.7068153296, 'EPS': 9.40919896520454}"
TICK009,2024-06-30,Q,income_statement_quarterly,"{'Revenue': 79115.87991594046, 'NetIncome': 7593.631083072544, 'OperatingCashFlow': 10499.589627542751, 'EPS': 8.08927114178651}"
TICK009,2024-09-30,Q,income_statement_quarterly,"{'Revenue': 74081.84346088585, 'NetIncome': 9557.434071036801, 'OperatingCashFlow': 39869.06785306695, 'EPS': 7.975911169651013}"
TICK009,2024-12-31,Q,income_statement_quarterly,"{'Revenue': 63892.70051231959, 'NetIncome': 15377.029937499763, 'OperatingCashFlow': 25545.885472392485, 'EPS': 5.823382054927634}"
TICK010,2021-03-31,Q,income_statement_quarterly,"{'Revenue': 121753.61394458122, 'NetIncome': 16604.884011902686, 'OperatingCashFlow': 25960.096067401737, 'EPS': 1.7109515115788843}"
TICK010,2021-06-30,Q,income_statement_quarterly,"{'Revenue': 113377.2058317668, 'NetIncome': 12272.233383672328, 'OperatingCashFlow': 35250.33429558469, 'EPS': 5.780838805170864}"
TICK010,2021-09-30,Q,income_statement_quarterly,"{'Revenue': 104928.8292312895, 'NetIncome': 15973.668460595567, 'OperatingCashFlow': 6078.546029465779, 'EPS': 1.6129207815478164}"
TICK010,2021-12-31,Q,income_statement_quarterly,"{'Revenue': 72179.92914375996, 'NetIncome': 19621.87048309614, 'OperatingCashFlow': 16586.463004295576, 'EPS': 6.06820065751259}"
TICK010,2022-03-31,Q,income_statement_quarterly,"{'Revenue': 27910.755543321542, 'NetIncome': 7251.343401831161, 'OperatingCashFlow': 36151.61327809349, 'EPS': 7.995690382504295}"
TICK010,2022-06-30,Q,income_statement_quarterly,"{'Revenue': 39455.985693470284, 'NetIncome': 6861.3907743083355, 'OperatingCashFlow': 3178.825023452019, 'EPS': 8.644732812399896}"
TICK010,2022-09-30,Q,income_statement_quarterly,"{'Revenue': 76254.17374413341, 'NetIncome': 14883.81778231032, 'OperatingCashFlow': 24727.909605826982, 'EPS': 7.939234440755919}"
TICK010,2022-12-31,Q,income_statement_quarterly,"{'Revenue': 104888.8810903432, 'NetIncome': 15816.110561021, 'OperatingCashFlow': 17346.730550225264, 'EPS': 6.522470949180425}"
TICK010,2023-03-31,Q,income_statement_quarterly,"{'Revenue': 81738.70683145143, 'NetIncome': 17035.632694075855, 'OperatingCashFlow': 11819.215018906645, 'EPS': 9.787957891927762}"
TICK010,2023-06-30,Q,income_statement_quarterly,"{'Revenue': 114424.09371128079, 'NetIncome': 14720.075617310735, 'OperatingCashFlow': 5586.67057874938, 'EPS': 8.607871205593742}"
TICK010,2023-09-30,Q,income_statement_quarterly,"{'Revenue': 46344.89503269463, 'NetIncome': 1080.8811077205553, 'OperatingCashFlow': 4121.213188049136, 'EPS': 5.64718893709076}"
TICK010,2023-12-31,Q,income_statement_quarterly,"{'Revenue': 142793.80172810316, 'NetIncome': 6108.97726207091, 'OperatingCashFlow': 16343.41707080745, 'EPS': 2.080741625606099}"
TICK010,2024-03-31,Q,income_statement_quarterly,"{'Revenue': 133848.65564590984, 'NetIncome': 1688.9439527857642, 'OperatingCashFlow': 25967.33097622709, 'EPS': 6.81892304459034}"
TICK010,2024-06-30,Q,income_statement_quarterly,"{'Revenue': 9336.095411948912, 'NetIncome': 17691.702241676718, 'OperatingCashFlow': 24343.756997876702, 'EPS': 4.88938673651344}"
TICK010,2024-09-30,Q,income_statement_quarterly,"{'Revenue': 117244.9532566564, 'NetIncome': 4099.723803532263, 'OperatingCashFlow': 22742.313124581204, 'EPS': 6.057808034011085}"
TICK010,2024-12-31,Q,income_statement_quarterly,"{'Revenue': 98566.61716836241, 'NetIncome': 17545.640898205795, 'OperatingCashFlow': 22950.90665045441, 'EPS': 5.998932977683538}"
TICK011,2021-03-31,Q,income_statement_quarterly,"{'Revenue': 72706.88675717512, 'NetIncome': 13793.943634624184, 'OperatingCashFlow': 38448.2907571358, 'EPS': 5.951275194029529}"
TICK011,2021-06-30,Q,income_statement_quarterly,"{'Revenue': 96485.12531381195, 'NetIncome': 3440.302950520835, 'OperatingCashFlow': 19983.290676195895, 'EPS': 5.13596553668328}"
TICK011,2021-09-30,Q,income_statement_quarterly,"{'Revenue': 130850.62409125845, 'NetIncome': 12317.547082242554, 'OperatingCashFlow': 9986.261238754305, 'EPS': 3.672514274941081}"
TICK011,2021-12-31,Q,income_statement_quarterly,"{'Revenue': 49535.88799589668, 'NetIncome': 13511.887172493525, 'OperatingCashFlow': 7469.303313189668, 'EPS': 7.909298229751903}"
TICK011,2022-03-31,Q,income_statement_quarterly,"{'Revenue': 127163.70139896877, 'NetIncome': 11000.213423646654, 'OperatingCashFlow': 28621.320461975465, 'EPS': 2.3931267862504035}"
TICK011,2022-06-30,Q,income_statement_quarterly,"{'Revenue': 13090.6537454106, 'NetIncome': 13416.0705796473, 'OperatingCashFlow': 18727.646582704696, 'EPS': 3.333739999596023}"
TICK011,2022-09-30,Q,income_statement_quarterly,"{'Revenue': 149365.9729038972, 'NetIncome': 14641.512968520641, 'OperatingCashFlow': 38999.90006750973, 'EPS': 3.120846272044963}"
TICK011,2022-12-31,Q,income_statement_quarterly,"{'Revenue': 138867.6436017637, 'NetIncome': 11331.815016762952, 'OperatingCashFlow': 32260.348601377158, 'EPS': 2.99915010642719}"
TICK011,2023-03-31,Q,income_statement_quarterly,"{'Revenue': 106938.88991460679, 'NetIncome': 3136.2083843810065, 'OperatingCashFlow': 33833.5137776059, 'EPS': 2.3706773589942793}"
TICK011,2023-06-30,Q,income_statement_quarterly,"{'Revenue': 103745.59131997444, 'NetIncome': 12790.660069937496, 'OperatingCashFlow': 10078.83876993815, 'EPS': 0.8827314563737692}"
TICK011,2023-09-30,Q,income_statement_quarterly,"{'Revenue': 62311.818357575285, 'NetIncome': 12441.740588894609, 'OperatingCashFlow': 14806.016033950733, 'EPS': 2.629095673002696}"
TICK011,2023-12-31,Q,income_statement_quarterly,"{'Revenue': 10846.858233547275, 'NetIncome': 19933.570766647288, 'OperatingCashFlow': 6570.499441834248, 'EPS': 7.925356325261632}"
TICK011,2024-03-31,Q,income_statement_quarterly,"{'Revenue': 8286.699330517375, 'NetIncome': 19802.73082910526, 'OperatingCashFlow': 28923.973914730417, 'EPS': 2.2656221382888537}"
TICK011,2024-06-30,Q,income_statement_quarterly,"{'Revenue': 45283.59392745498, 'NetIncome': 3328.8858970557076, 'OperatingCashFlow': 38298.877347733236, 'EPS': 9.947258983339111}"
TICK011,2024-09-30,Q,income_statement_quarterly,"{'Revenue': 17403.042891462985, 'NetIncome': 12896.229687797744, 'OperatingCashFlow': 35917.99525518933, 'EPS': 4.892500819889389}"
TICK011,2024-12-31,Q,income_statement_quarterly,"{'Revenue': 11329.158604250399, 'NetIncome': 1779.9039413918892, 'OperatingCashFlow': 7204.1418869241, 'EPS': 1.5495113205848576}"
TICK012,2021-03-31,Q,income_statement_quarterly,"{'Revenue': 68405.06358628179, 'NetIncome': 7096.62099428784, 'OperatingCashFlow': 2543.0248871342383, 'EPS': 5.57943777310262}"
TICK012,2021-06-30,Q,income_statement_quarterly,"{'Revenue': 106006.21507120291, 'NetIncome': 2588.667660762444, 'OperatingCashFlow': 2847.7002299022815, 'EPS': 5.932447551733117}"
TICK012,2021-09-30,Q,income_statement_quarterly,"{'Revenue': 105653.79944905239, 'NetIncome': 11627.118105127272, 'OperatingCashFlow': 30578.223084916033, 'EPS': 3.2561693673625314}"
TICK012,2021-12-31,Q,income_statement_quarterly,"{'Revenue': 138224.03896611405, 'NetIncome': 5497.793117936763, 'OperatingCashFlow': 37149.31451159556, 'EPS': 5.283992853026432}"
TICK012,2022-03-31,Q,income_statement_quarterly,"{'Revenue': 73185.83296973685, 'NetIncome': 9083.82561263913, 'OperatingCashFlow': 24974.552273471556, 'EPS': 1.9309784469568883}"
TICK012,2022-06-30,Q,income_statement_quarterly,"{'Revenue': 24664.0569186636, 'NetIncome': 6934.216559081423, 'OperatingCashFlow': 28906.417156691798, 'EPS': 4.65325318798983}"
TICK012,2022-09-30,Q,income_statement_quarterly,"{'Revenue': 94862.0088100191, 'NetIncome': 2188.6565719615437, 'OperatingCashFlow': 23462.32614317721, 'EPS': 8.582764415346274}"
TICK012,2022-12-31,Q,income_statement_quarterly,"{'Revenue': 37464.308897292765, 'NetIncome': 19925.127500452123, 'OperatingCashFlow': 33825.61757636274, 'EPS': 5.210420229379636}"
TICK012,2023-03-31,Q,income_statement_quarterly,"{'Revenue': 92915.48923893648, 'NetIncome': 3251.0970999870365, 'OperatingCashFlow': 27304.03980168682, 'EPS': 9.81422944843856}"
TICK012,2023-06-30,Q,income_statement_quarterly,"{'Revenue': 66470.62569700163, 'NetIncome': 18571.111256058604, 'OperatingCashFlow': 23658.731769567592, 'EPS': 0.9416513267666904}"
TICK012,2023-09-30,Q,income_statement_quarterly,"{'Revenue': 125774.76925020402, 'NetIncome': 10544.379981039401, 'OperatingCashFlow': 37669.849360771994, 'EPS': 2.5886867512492135}"
TICK012,2023-12-31,Q,income_statement_quarterly,"{'Revenue': 18562.77194062432, 'NetIncome': 8955.527360233915, 'OperatingCashFlow': 15286.93329643586, 'EPS': 5.31856703136867}"
TICK012,2024-03-31,Q,income_statement_quarterly,"{'Revenue': 102662.53036798032, 'NetIncome': 937.8827215156282, 'OperatingCashFlow': 14614.503403084205, 'EPS': 8.36326390278553}"
TICK012,2024-06-30,Q,income_statement_quarterly,"{'Revenue': 112990.41815855022, 'NetIncome': 12385.446814060799, 'OperatingCashFlow': 35341.4036726846, 'EPS': 2.947806183951982}"
TICK012,2024-09-30,Q,income_statement_quarterly,"{'Revenue': 20411.096197812272, 'NetIncome': 19186.978667704356, 'OperatingCashFlow': 19406.948666854547, 'EPS': 3.325951295809835}"
TICK012,2024-12-31,Q,income_statement_quarterly,"{'Revenue': 130610.3334257493, 'NetIncome': 5704.3257929735955, 'OperatingCashFlow': 16367.279423137184, 'EPS': 8.722827902535728}"
TICK013,2021-03-31,Q,income_statement_quarterly,"{'Revenue': 100218.48287549421, 'NetIncome': 17657.82672149311, 'OperatingCashFlow': 37256.84018847772, 'EPS': 6.377971249857597}"
TICK013,2021-06-30,Q,income_statement_quarterly,"{'Revenue': 87153.7063001957, 'NetIncome': 12630.783037622294, 'OperatingCashFlow': 38661.52091065896, 'EPS': 0.9561522641949507}"
TICK013,2021-09-30,Q,income_statement_quarterly,"{'Revenue': 11390.019532381128, 'NetIncome': 16838.012465451557, 'OperatingCashFlow': 35319.844882767684, 'EPS': 1.9283385947525415}"
TICK013,2021-12-31,Q,income_statement_quarterly,"{'Revenue': 73039.93626613737, 'NetIncome': 16458.913526808057, 'OperatingCashFlow': 38383.13550929436, 'EPS': 9.830252645416223}"
TICK013,2022-03-31,Q,income_statement_quarterly,"{'Revenue': 43532.853191621296, 'NetIncome': 12837.013211617359, 'OperatingCashFlow': 36553.360535034735, 'EPS': 5.489000488150511}"
TICK013,2022-06-30,Q,income_statement_quarterly,"{'Revenue': 47778.08506372506, 'NetIncome': 566.1746878413987, 'OperatingCashFlow': 16792.450089468683, 'EPS': 7.464225308476021}"
TICK013,2022-09-30,Q,income_statement_quarterly,"{'Revenue': 103173.188387355, 'NetIncome': 6004.498290583147, 'OperatingCashFlow': 11482.991824723338, 'EPS': 8.170947038760918}"
TICK013,2022-12-31,Q,income_statement_quarterly,"{'Revenue': 146686.9234249753, 'NetIncome': 6338.714154688777, 'OperatingCashFlow': 15222.997499885389, 'EPS': 1.181403118904531}"
TICK013,2023-03-31,Q,income_statement_quarterly,"{'Revenue': 85690.4690760732, 'NetIncome': 13430.82636959854, 'OperatingCashFlow': 29730.02974786034, 'EPS': 8.030651633675802}"
TICK013,2023-06-30,Q,income_statement_quarterly,"{'Revenue': 142737.4940531443, 'NetIncome': 5561.087496752614, 'OperatingCashFlow': 31798.59382582624, 'EPS': 8.371035693409112}"
TICK013,2023-09-30,Q,income_statement_quarterly,"{'Revenue': 102346.08417418618, 'NetIncome': 17082.642139528612, 'OperatingCashFlow': 10457.185949223645, 'EPS': 9.409603457005193}"
TICK013,2023-12-31,Q,income_statement_quarterly,"{'Revenue': 128128.23042929347, 'NetIncome': 9269.382830163759, 'OperatingCashFlow': 39417.66072698933, 'EPS': 7.4535159201322365}"
TICK013,2024-03-31,Q,income_statement_quarterly,"{'Revenue': 104962.89113328868, 'NetIncome': 5663.253629321339, 'OperatingCashFlow': 3598.949478451046, 'EPS': 7.522372330522988}"
TICK013,2024-06-30,Q,income_statement_quarterly,"{'Revenue': 38638.70240904327, 'NetIncome': 2156.721962894601, 'OperatingCashFlow': 11955.772757509936, 'EPS': 1.029713373448067}"
TICK013,2024-09-30,Q,income_statement_quarterly,"{'Revenue': 13309.87569397828, 'NetIncome': 2791.4348115167645, 'OperatingCashFlow': 2753.1506340141427, 'EPS': 3.630864174680279}"
TICK013,2024-12-31,Q,income_statement_quarterly,"{'Revenue': 103404.09947752117, 'NetIncome': 8254.874675243223, 'OperatingCashFlow': 39877.12042910037, 'EPS': 9.638334249752022}"
TICK014,2021-03-31,Q,income_statement_quarterly,"{'Revenue': 144809.5672148148, 'NetIncome': 14568.932854092813, 'OperatingCashFlow': 9625.724093204983, 'EPS': 3.161899865023207}"
TICK014,2021-06-30,Q,income_statement_quarterly,"{'Revenue': 45278.619936888244, 'NetIncome': 17441.18524396537, 'OperatingCashFlow': 2082.908635226327, 'EPS': 1.4645833498883298}"
TICK014,2021-09-30,Q,income_statement_quarterly,"{'Revenue': 96854.63767047787, 'NetIncome': 12670.373781072289, 'OperatingCashFlow': 26860.515821514404, 'EPS': 1.414220725235701}"
TICK014,2021-12-31,Q,income_statement_quarterly,"{'Revenue': 63961.22899356185, 'NetIncome': 705.7770857759631, 'OperatingCashFlow': 27851.055962881048, 'EPS': 4.567791902016088}"
TICK014,2022-03-31,Q,income_statement_quarterly,"{'Revenue': 109952.88620960434, 'NetIncome': 7742.579064293431, 'OperatingCashFlow': 14637.876088945957, 'EPS': 7.503371210694917}"
TICK014,2022-06-30,Q,income_statement_quarterly,"{'Revenue': 64113.061804108744, 'NetIncome': 1805.5975013553425, 'OperatingCashFlow': 21965.99275696058, 'EPS': 1.046963819284644}"
TICK014,2022-09-30,Q,income_statement_quarterly,"{'Revenue': 40292.03535980073, 'NetIncome': 3364.439225422136, 'OperatingCashFlow': 7382.668669035054, 'EPS': 3.152628080496924}"
TICK014,2022-12-31,Q,income_statement_quarterly,"{'Revenue': 138763.02958887196, 'NetIncome': 15412.223756901501, 'OperatingCashFlow': 34246.21454850305, 'EPS': 3.148468081997323}"
TICK014,2023-03-31,Q,income_statement_quarterly,"{'Revenue': 50431.306924925666, 'NetIncome': 14058.662280600525, 'OperatingCashFlow': 8219.40941459534, 'EPS': 8.930894886358239}"
TICK014,2023-06-30,Q,income_statement_quarterly,"{'Revenue': 79609.7944063841, 'NetIncome': 13866.505546540273, 'OperatingCashFlow': 13351.0361540207, 'EPS': 9.45838099050988}"
TICK014,2023-09-30,Q,income_statement_quarterly,"{'Revenue': 96720.27966905771, 'NetIncome': 2083.6186674981273, 'OperatingCashFlow': 7363.785107570315, 'EPS': 1.577797825733025}"
TICK014,2023-12-31,Q,income_statement_quarterly,"{'Revenue': 128962.91203725061, 'NetIncome': 4694.325088468274, 'OperatingCashFlow': 27985.738427951954, 'EPS': 1.139121287634824}"
TICK014,2024-03-31,Q,income_statement_quarterly,"{'Revenue': 25495.421456822474, 'NetIncome': 7771.912849968385, 'OperatingCashFlow': 30932.53892593854, 'EPS': 2.403770355874312}"
TICK014,2024-06-30,Q,income_statement_quarterly,"{'Revenue': 44097.26893516359, 'NetIncome': 6512.829288078895, 'OperatingCashFlow': 6909.371227950454, 'EPS': 2.1843248798331225}"
TICK014,2024-09-30,Q,income_statement_quarterly,"{'Revenue': 123873.17683131013, 'NetIncome': 12747.286854403315, 'OperatingCashFlow': 35885.62065826124, 'EPS': 7.782036829224811}"
TICK014,2024-12-31,Q,income_statement_quarterly,"{'Revenue': 108547.9305326577, 'NetIncome': 16445.637692661767, 'OperatingCashFlow': 36411.14808257838, 'EPS': 5.064473892794682}"
TICK015,2021-03-31,Q,income_statement_quarterly,"{'Revenue': 120153.608116523, 'NetIncome': 12963.48418131583, 'OperatingCashFlow': 28631.068302643234, 'EPS': 8.974128507365926}"
TICK015,2021-06-30,Q,income_statement_quarterly,"{'Revenue': 138603.05955525034, 'NetIncome': 8313.64422559289, 'OperatingCashFlow': 34132.704727559234, 'EPS': 6.0055789733872915}"
TICK015,2021-09-30,Q,income_statement_quarterly,"{'Revenue': 131455.1660959548, 'NetIncome': 5191.66009166127, 'OperatingCashFlow': 17756.526824641303, 'EPS': 1.1551356360858707}"
TICK015,2021-12-31,Q,income_statement_quarterly,"{'Revenue': 130565.92489363403, 'NetIncome': 12765.04456335587, 'OperatingCashFlow': 7598.415397317124, 'EPS': 3.7710231295107746}"
TICK015,2022-03-31,Q,income_statement_quarterly,"{'Revenue': 83068.64450209023, 'NetIncome': 17291.566323813342, 'OperatingCashFlow': 31404.53716177425, 'EPS': 0.7999520316337225}"
TICK015,2022-06-30,Q,income_statement_quarterly,"{'Revenue': 105155.25743015573, 'NetIncome': 6717.57472170985, 'OperatingCashFlow': 2739.597491916656, 'EPS': 6.3240697710386335}"
TICK015,2022-09-30,Q,income_statement_quarterly,"{'Revenue': 115278.6478061739, 'NetIncome': 12865.159270690876, 'OperatingCashFlow': 39965.84310072089, 'EPS': 9.210741893404316}"
TICK015,2022-12-31,Q,income_statement_quarterly,"{'Revenue': 135498.76379376143, 'NetIncome': 6607.336782813296, 'OperatingCashFlow': 10720.320729987052, 'EPS': 5.615940472790095}"
TICK015,2023-03-31,Q,income_statement_quarterly,"{'Revenue': 145384.4916009969, 'NetIncome': 2461.272364014374, 'OperatingCashFlow': 38101.204288978035, 'EPS': 2.925991665627114}"
TICK015,2023-06-30,Q,income_statement_quarterly,"{'Revenue': 64208.98662467134, 'NetIncome': 11038.341299183405, 'OperatingCashFlow': 34022.81979571204, 'EPS': 2.702264202363188}"
TICK015,2023-09-30,Q,income_statement_quarterly,"{'Revenue': 52049.60700359193, 'NetIncome': 18812.971266833076, 'OperatingCashFlow': 20005.74586260749, 'EPS': 3.8018112825820047}"
TICK015,2023-12-31,Q,income_statement_quarterly,"{'Revenue': 36930.76086143676, 'NetIncome': 3125.310266639992, 'OperatingCashFlow': 4467.1837525127485, 'EPS': 8.715155235362179}"
TICK015,2024-03-31,Q,income_statement_quarterly,"{'Revenue': 23043.772533211486, 'NetIncome': 10962.949172910776, 'OperatingCashFlow': 25946.001114799743, 'EPS': 9.933791129853688}"
TICK015,2024-06-30,Q,income_statement_quarterly,"{'Revenue': 70845.79125547655, 'NetIncome': 9754.76050678949, 'OperatingCashFlow': 18847.863804335066, 'EPS': 0.9538728594870316}"
TICK015,2024-09-30,Q,income_statement_quarterly,"{'Revenue': 104613.29366391741, 'NetIncome': 4539.830494433345, 'OperatingCashFlow': 22947.884375204776, 'EPS': 5.647971939080277}"
TICK015,2024-12-31,Q,income_statement_quarterly,"{'Revenue': 94066.70410223224, 'NetIncome': 18987.644804065047, 'OperatingCashFlow': 13565.856909276812, 'EPS': 9.730860651685294}"
TICK016,2021-03-31,Q,income_statement_quarterly,"{'Revenue': 24527.78824387581, 'NetIncome': 1318.6648525972364, 'OperatingCashFlow': 22058.937469236032, 'EPS': 8.218183302847967}"
TICK016,2021-06-30,Q,income_statement_quarterly,"{'Revenue': 149792.82203857615, 'NetIncome': 16528.26688076208, 'OperatingCashFlow': 8459.204899510145, 'EPS': 1.2408161656796501}"
TICK016,2021-09-30,Q,income_statement_quarterly,"{'Revenue': 34276.55780260371, 'NetIncome': 4509.763974806927, 'OperatingCashFlow': 2636.857549399236, 'EPS': 9.079553294804374}"
TICK016,2021-12-31,Q,income_statement_quarterly,"{'Revenue': 101576.23546628587, 'NetIncome': 3725.312204258724, 'OperatingCashFlow': 30931.21938249605, 'EPS': 6.266079300980026}"
TICK016,2022-03-31,Q,income_statement_quarterly,"{'Revenue': 107822.55672781421, 'NetIncome': 11608.495324853007, 'OperatingCashFlow': 7164.850896042822, 'EPS': 1.6659665629630027}"
TICK016,2022-06-30,Q,income_statement_quarterly,"{'Revenue': 34366.199600681866, 'NetIncome': 16664.573832288985, 'OperatingCashFlow': 21761.984145107155, 'EPS': 0.7488643249381213}"
TICK016,2022-09-30,Q,income_statement_quarterly,"{'Revenue': 33284.01845795419, 'NetIncome': 607.23035607142, 'OperatingCashFlow': 25206.923327583892, 'EPS': 1.5915088714943884}"
TICK016,2022-12-31,Q,income_statement_quarterly,"{'Revenue': 97317.42659784254, 'NetIncome': 13112.741254556538, 'OperatingCashFlow': 38067.92101915294, 'EPS': 4.386789226101703}"
TICK016,2023-03-31,Q,income_statement_quarterly,"{'Revenue': 8408.777230613066, 'NetIncome': 18356.972283321964, 'OperatingCashFlow': 26360.225385618593, 'EPS': 3.2645933134456424}"
TICK016,2023-06-30,Q,income_statement_quarterly,"{'Revenue': 66124.67655869012, 'NetIncome': 18737.648976319324, 'OperatingCashFlow': 24125.70695717905, 'EPS': 9.427973679212188}"
TICK016,2023-09-30,Q,income_statement_quarterly,"{'Revenue': 141863.58900348825, 'NetIncome': 8945.554268747257, 'OperatingCashFlow': 5223.867434901211, 'EPS': 2.533470275578031}"
TICK016,2023-12-31,Q,income_statement_quarterly,"{'Revenue': 97426.50943499179, 'NetIncome': 7253.5855222689315, 'OperatingCashFlow': 22920.207828456827, 'EPS': 6.544004940772788}"
TICK016,2024-03-31,Q,income_statement_quarterly,"{'Revenue': 94999.10777879006, 'NetIncome': 4893.886217236008, 'OperatingCashFlow': 27642.83849439759, 'EPS': 9.97117854984422}"
TICK016,2024-06-30,Q,income_statement_quarterly,"{'Revenue': 59066.240919129516, 'NetIncome': 12789.934424841396, 'OperatingCashFlow': 2876.175449198724, 'EPS': 9.239726447625575}"
TICK016,2024-09-30,Q,income_statement_quarterly,"{'Revenue': 101095.69302029879, 'NetIncome': 7227.395853404906, 'OperatingCashFlow': 15727.178514353405, 'EPS': 4.295876881197098}"
TICK016,2024-12-31,Q,income_statement_quarterly,"{'Revenue': 57070.426508354205, 'NetIncome': 3857.517912053413, 'OperatingCashFlow': 6752.427133690595, 'EPS': 6.103206685173781}"
TICK017,2021-03-31,Q,income_statement_quarterly,"{'Revenue': 129581.09957099847, 'NetIncome': 15374.568880024714, 'OperatingCashFlow': 32620.964628890346, 'EPS': 6.729572204163302}"
TICK017,2021-06-30,Q,income_statement_quarterly,"{'Revenue': 107410.25153515319, 'NetIncome': 2575.0592598671406, 'OperatingCashFlow': 7558.274505918705, 'EPS': 4.166934906312216}"
TICK017,2021-09-30,Q,income_statement_quarterly,"{'Revenue': 83741.41944702121, 'NetIncome': 7710.198941791992, 'OperatingCashFlow': 3932.397116721947, 'EPS': 0.5651249893631591}"
TICK017,2021-12-31,Q,income_statement_quarterly,"{'Revenue': 36069.07358496479, 'NetIncome': 15504.102496022617, 'OperatingCashFlow': 16349.405452988893, 'EPS': 9.558808074482934}"
TICK017,2022-03-31,Q,income_statement_quarterly,"{'Revenue': 55945.703209036685, 'NetIncome': 5172.930094726127, 'OperatingCashFlow': 30848.275206338236, 'EPS': 5.840994783851738}"
TICK017,2022-06-30,Q,income_statement_quarterly,"{'Revenue': 34329.38310038573, 'NetIncome': 9964.160144526335, 'OperatingCashFlow': 11132.313883628169, 'EPS': 3.1754954359166194}"
TICK017,2022-09-30,Q,income_statement_quarterly,"{'Revenue': 131972.68071693607, 'NetIncome': 2938.193477159244, 'OperatingCashFlow': 4450.586794758632, 'EPS': 1.964438078577457}"
TICK017,2022-12-31,Q,income_statement_quarterly,"{'Revenue': 113598.80855529131, 'NetIncome': 5099.8247903772735, 'OperatingCashFlow': 6450.934221963138, 'EPS': 4.555422859153938}"
TICK017,2023-03-31,Q,income_statement_quarterly,"{'Revenue': 87905.23144291838, 'NetIncome': 6829.602324002653, 'OperatingCashFlow': 33918.38948666613, 'EPS': 9.421275134160709}"
TICK017,2023-06-30,Q,income_statement_quarterly,"{'Revenue': 52025.88612382723, 'NetIncome': 17371.041689390808, 'OperatingCashFlow': 3045.845101145331, 'EPS': 1.0006226890965437}"
TICK017,2023-09-30,Q,income_statement_quarterly,"{'Revenue': 148386.2854303808, 'NetIncome': 1196.4375396993833, 'OperatingCashFlow': 16131.496608915726, 'EPS': 6.372975139562947}"
TICK017,2023-12-31,Q,income_statement_quarterly,"{'Revenue': 41494.04664819173, 'NetIncome': 19367.09779888897, 'OperatingCashFlow': 9605.06758900997, 'EPS': 1.440866586244867}"
TICK017,2024-03-31,Q,income_statement_quarterly,"{'Revenue': 131232.08590965142, 'NetIncome': 17623.322409638018, 'OperatingCashFlow': 13804.285686633777, 'EPS': 6.842380652310771}"
TICK017,2024-06-30,Q,income_statement_quarterly,"{'Revenue': 121764.82381443074, 'NetIncome': 5644.359643966926, 'OperatingCashFlow': 36294.85861689179, 'EPS': 6.009271320121796}"
TICK017,2024-09-30,Q,income_statement_quarterly,"{'Revenue': 57899.23229185186, 'NetIncome': 4873.890810440242, 'OperatingCashFlow': 18081.060755895975, 'EPS': 0.8413432359642035}"
TICK017,2024-12-31,Q,income_statement_quarterly,"{'Revenue': 57887.36159640917, 'NetIncome': 6016.240103276806, 'OperatingCashFlow': 27339.329097187998, 'EPS': 9.095200099880769}"
TICK018,2021-03-31,Q,income_statement_quarterly,"{'Revenue': 38529.74227633565, 'NetIncome': 15592.19571403918, 'OperatingCashFlow': 18042.355451328694, 'EPS': 1.333205526651363}"
TICK018,2021-06-30,Q,income_statement_quarterly,"{'Revenue': 113818.82316092015, 'NetIncome': 3247.237476976524, 'OperatingCashFlow': 23668.575359483028, 'EPS': 2.8632376060609888}"
TICK018,2021-09-30,Q,income_statement_quarterly,"{'Revenue': 108547.0476740303, 'NetIncome': 14256.361170274096, 'OperatingCashFlow': 38155.42197789985, 'EPS': 4.544621168524439}"
TICK018,2021-12-31,Q,income_statement_quarterly,"{'Revenue': 140705.1692638346, 'NetIncome': 16846.289189106017, 'OperatingCashFlow': 6035.03320911452, 'EPS': 3.3089389398004094}"
TICK018,2022-03-31,Q,income_statement_quarterly,"{'Revenue': 134591.29883791506, 'NetIncome': 18161.36950953066, 'OperatingCashFlow': 33579.16410376351, 'EPS': 8.217643547281337}"
TICK018,2022-06-30,Q,income_statement_quarterly,"{'Revenue': 145787.7775177881, 'NetIncome': 10439.645572640115, 'OperatingCashFlow': 22946.009981040745, 'EPS': 3.5330085933237663}"
TICK018,2022-09-30,Q,income_statement_quarterly,"{'Revenue': 52345.85255597551, 'NetIncome': 19857.41475312251, 'OperatingCashFlow': 18092.63627850013, 'EPS': 5.4895030578179504}"
TICK018,2022-12-31,Q,income_statement_quarterly,"{'Revenue': 72021.80796611843, 'NetIncome': 2651.6763127766203, 'OperatingCashFlow': 17128.101618657045, 'EPS': 6.330570899733605}"
TICK018,2023-03-31,Q,income_statement_quarterly,"{'Revenue': 69459.60853697636, 'NetIncome': 7490.72248549554, 'OperatingCashFlow': 20673.164041469805, 'EPS': 3.206019670477149}"
TICK018,2023-06-30,Q,income_statement_quarterly,"{'Revenue': 31087.789482926662, 'NetIncome': 6179.89363557217, 'OperatingCashFlow': 18593.061033890335, 'EPS': 4.9614565834453455}"
TICK018,2023-09-30,Q,income_statement_quarterly,"{'Revenue': 100679.65980729033, 'NetIncome': 17031.239174068687, 'OperatingCashFlow': 37774.38949254113, 'EPS': 3.8918005847604746}"
TICK018,2023-12-31,Q,income_statement_quarterly,"{'Revenue': 102064.80606438831, 'NetIncome': 12689.399159569242, 'OperatingCashFlow': 23222.74290187221, 'EPS': 7.874480635778913}"
TICK018,2024-03-31,Q,income_statement_quarterly,"{'Revenue': 8156.367630420413, 'NetIncome': 6826.477818433237, 'OperatingCashFlow': 6974.286925221405, 'EPS': 7.923460457137285}"
TICK018,2024-06-30,Q,income_statement_quarterly,"{'Revenue': 65736.27004675343, 'NetIncome': 8888.167998490706, 'OperatingCashFlow': 38896.950370383944, 'EPS': 3.2584466207797713}"
TICK018,2024-09-30,Q,income_statement_quarterly,"{'Revenue': 83099.28110791421, 'NetIncome': 8144.21748228089, 'OperatingCashFlow': 39159.8135506676, 'EPS': 8.4604404319771}"
TICK018,2024-12-31,Q,income_statement_quarterly,"{'Revenue': 30803.072684095983, 'NetIncome': 8981.197695989871, 'OperatingCashFlow': 19803.913862067115, 'EPS': 9.890007053486462}"
TICK019,2021-03-31,Q,income_statement_quarterly,"{'Revenue': 38236.43221170461, 'NetIncome': 15170.710817477293, 'OperatingCashFlow': 9525.352561408796, 'EPS': 9.88294032047871}"
TICK019,2021-06-30,Q,income_statement_quarterly,"{'Revenue': 88929.75166963364, 'NetIncome': 5690.939252168905, 'OperatingCashFlow': 5470.062676992983, 'EPS': 3.089222238198999}"
TICK019,2021-09-30,Q,income_statement_quarterly,"{'Revenue': 68625.22928536206, 'NetIncome': 5720.547851363103, 'OperatingCashFlow': 18115.95284858368, 'EPS': 4.018588932749138}"
TICK019,2021-12-31,Q,income_statement_quarterly,"{'Revenue': 46342.30738027334, 'NetIncome': 2680.108836332286, 'OperatingCashFlow': 38489.89517263287, 'EPS': 1.6801052756636539}"
TICK019,2022-03-31,Q,income_statement_quarterly,"{'Revenue': 60821.710142679796, 'NetIncome': 15420.935150919206, 'OperatingCashFlow': 31848.676618282523, 'EPS': 8.74483143106646}"
TICK019,2022-06-30,Q,income_statement_quarterly,"{'Revenue': 6306.647893694295, 'NetIncome': 684.7895712622716, 'OperatingCashFlow': 15627.696137635296, 'EPS': 3.5030146320085365}"
TICK019,2022-09-30,Q,income_statement_quarterly,"{'Revenue': 72245.56036606758, 'NetIncome': 14126.020646760795, 'OperatingCashFlow': 19755.7928405778, 'EPS': 7.993164285679374}"
TICK019,2022-12-31,Q,income_statement_quarterly,"{'Revenue': 99079.80833077637, 'NetIncome': 5710.362838476104, 'OperatingCashFlow': 9017.543287778866, 'EPS': 8.459456618470607}"
TICK019,2023-03-31,Q,income_statement_quarterly,"{'Revenue': 101244.54972683189, 'NetIncome': 3614.498975566002, 'OperatingCashFlow': 16410.60951281561, 'EPS': 3.0271847550548325}"
TICK019,2023-06-30,Q,income_statement_quarterly,"{'Revenue': 12972.159318250828, 'NetIncome': 517.5053469613173, 'OperatingCashFlow': 20585.201108154597, 'EPS': 7.448666082549703}"
TICK019,2023-09-30,Q,income_statement_quarterly,"{'Revenue': 74816.40389384032, 'NetIncome': 3169.927479098087, 'OperatingCashFlow': 23233.99612772551, 'EPS': 6.203969766932685}"
TICK019,2023-12-31,Q,income_statement_quarterly,"{'Revenue': 143445.16410879878, 'NetIncome': 18166.672583090927, 'OperatingCashFlow': 8930.017429856736, 'EPS': 1.8061008395645732}"
TICK019,2024-03-31,Q,income_statement_quarterly,"{'Revenue': 124465.80149897748, 'NetIncome': 19215.209604971624, 'OperatingCashFlow': 38281.853509759305, 'EPS': 1.6462420963319966}"
TICK019,2024-06-30,Q,income_statement_quarterly,"{'Revenue': 98505.56155078244, 'NetIncome': 19256.108175458194, 'OperatingCashFlow': 30076.468333544246, 'EPS': 6.453632561657097}"
TICK019,2024-09-30,Q,income_statement_quarterly,"{'Revenue': 55430.244700420335, 'NetIncome': 8206.120851140111, 'OperatingCashFlow': 4572.225748824077, 'EPS': 6.4498443566215204}"
TICK019,2024-12-31,Q,income_statement_quarterly,"{'Revenue': 96670.08214295992, 'NetIncome': 10110.235849610317, 'OperatingCashFlow': 4812.381315502707, 'EPS': 4.064611774198861}"
TICK020,2021-03-31,Q,income_statement_quarterly,"{'Revenue': 59839.709344717514, 'NetIncome': 1761.4302611040787, 'OperatingCashFlow': 24723.47675358521, 'EPS': 2.8779181577905355}"
TICK020,2021-06-30,Q,income_statement_quarterly,"{'Revenue': 21731.083408694423, 'NetIncome': 17664.53977036518, 'OperatingCashFlow': 10847.045143541463, 'EPS': 7.203747106686016}"
TICK020,2021-09-30,Q,income_statement_quarterly,"{'Revenue': 108041.12279105697, 'NetIncome': 10252.21175246948, 'OperatingCashFlow': 5537.313333008056, 'EPS': 7.671112482857522}"
TICK020,2021-12-31,Q,income_statement_quarterly,"{'Revenue': 109922.66627218787, 'NetIncome': 1788.934689275432, 'OperatingCashFlow': 28674.700882089717, 'EPS': 0.911319431281697}"
TICK020,2022-03-31,Q,income_statement_quarterly,"{'Revenue': 75876.03847939915, 'NetIncome': 16410.27658420259, 'OperatingCashFlow': 19223.442777642485, 'EPS': 8.76705528853329}"
TICK020,2022-06-30,Q,income_statement_quarterly,"{'Revenue': 41779.45544955427, 'NetIncome': 4173.641620435901, 'OperatingCashFlow': 15204.7258372903, 'EPS': 5.909942395535202}"
TICK020,2022-09-30,Q,income_statement_quarterly,"{'Revenue': 5771.409775970255, 'NetIncome': 9453.493779044884, 'OperatingCashFlow': 10611.761503382922, 'EPS': 8.064862430129281}"
TICK020,2022-12-31,Q,income_statement_quarterly,"{'Revenue': 105680.5139276357, 'NetIncome': 19150.022328654606, 'OperatingCashFlow': 35071.21655993389, 'EPS': 6.324252361648036}"
TICK020,2023-03-31,Q,income_statement_quarterly,"{'Revenue': 90128.65787154423, 'NetIncome': 13064.189282941745, 'OperatingCashFlow': 6635.012917894503, 'EPS': 8.787250142187156}"
TICK020,2023-06-30,Q,income_statement_quarterly,"{'Revenue': 33309.57544924192, 'NetIncome': 13539.113907680487, 'OperatingCashFlow': 25413.595511992033, 'EPS': 3.7874149953099465}"
TICK020,2023-09-30,Q,income_statement_quarterly,"{'Revenue': 82555.27863484174, 'NetIncome': 19526.652299494737, 'OperatingCashFlow': 27465.42844637667, 'EPS': 9.035961675303637}"
TICK020,2023-12-31,Q,income_statement_quarterly,"{'Revenue': 111375.64440286258, 'NetIncome': 4190.200146111904, 'OperatingCashFlow': 28610.06148166146, 'EPS': 6.159084087362657}"
TICK020,2024-03-31,Q,income_statement_quarterly,"{'Revenue': 92933.79991968356, 'NetIncome': 9351.650183164069, 'OperatingCashFlow': 14460.295639141325, 'EPS': 3.1022812774938515}"
TICK020,2024-06-30,Q,income_statement_quarterly,"{'Revenue': 19478.351866425095, 'NetIncome': 7551.550488326648, 'OperatingCashFlow': 5123.586798287581, 'EPS': 0.9718560273600223}"
TICK020,2024-09-30,Q,income_statement_quarterly,"{'Revenue': 111318.13766341089, 'NetIncome': 19636.26229869627, 'OperatingCashFlow': 5311.146525952192, 'EPS': 4.470122125133736}"
TICK020,2024-12-31,Q,income_statement_quarterly,"{'Revenue': 64291.60664011618, 'NetIncome': 6530.433824533277, 'OperatingCashFlow': 37661.43289814226, 'EPS': 9.878649675253312}"
TICK021,2021-03-31,Q,income_statement_quarterly,"{'Revenue': 31769.609456393384, 'NetIncome': 5168.225676934897, 'OperatingCashFlow': 33730.232664448136, 'EPS': 7.884232896216377}"
TICK021,2021-06-30,Q,income_statement_quarterly,"{'Revenue': 114063.4752019757, 'NetIncome': 8793.69336996237, 'OperatingCashFlow': 21915.416946390385, 'EPS': 0.9280553119844335}"
TICK021,2021-09-30,Q,income_statement_quarterly,"{'Revenue': 129711.87054448476, 'NetIncome': 18651.524737190764, 'OperatingCashFlow': 10582.22837295406, 'EPS': 7.954219350986461}"
TICK021,2021-12-31,Q,income_statement_quarterly,"{'Revenue': 31349.481396153555, 'NetIncome': 18302.77710751388, 'OperatingCashFlow': 8887.11875460099, 'EPS': 7.514045385340369}"
TICK021,2022-03-31,Q,income_statement_quarterly,"{'Revenue': 133724.2900382448, 'NetIncome': 19849.254048881336, 'OperatingCashFlow': 32342.426832474775, 'EPS': 6.005658667998814}"
TICK021,2022-06-30,Q,income_statement_quarterly,"{'Revenue': 53411.0466163318, 'NetIncome': 5851.914060223411, 'OperatingCashFlow': 28070.216178005692, 'EPS': 3.9860492789021835}"
TICK021,2022-09-30,Q,income_statement_quarterly,"{'Revenue': 65998.91485932737, 'NetIncome': 12245.596956677655, 'OperatingCashFlow': 13912.30604902343, 'EPS': 6.08958379912902}"
TICK021,2022-12-31,Q,income_statement_quarterly,"{'Revenue': 126174.50235969627, 'NetIncome': 19949.86481677318, 'OperatingCashFlow': 2337.9055917322125, 'EPS': 3.093327646207431}"
TICK021,2023-03-31,Q,income_statement_quarterly,"{'Revenue': 123955.23652146125, 'NetIncome': 9257.195390473316, 'OperatingCashFlow': 33080.82754997936, 'EPS': 1.5667572207764369}"
TICK021,2023-06-30,Q,income_statement_quarterly,"{'Revenue': 28519.723423711544, 'NetIncome': 2434.312888161443, 'OperatingCashFlow': 16569.616819005292, 'EPS': 9.519965128492723}"
TICK021,2023-09-30,Q,income_statement_quarterly,"{'Revenue': 47120.45298840848, 'NetIncome': 6239.63530272008, 'OperatingCashFlow': 16138.31019674728, 'EPS': 2.8616469782050262}"
TICK021,2023-12-31,Q,income_statement_quarterly,"{'Revenue': 51914.34905062165, 'NetIncome': 13321.010789067563, 'OperatingCashFlow': 5874.719397317566, 'EPS': 9.955779695750486}"
TICK021,2024-03-31,Q,income_statement_quarterly,"{'Revenue': 6884.102665157853, 'NetIncome': 9907.834657623105, 'OperatingCashFlow': 18080.175199535755, 'EPS': 7.946321541824405}"
TICK021,2024-06-30,Q,income_statement_quarterly,"{'Revenue': 59570.773514740016, 'NetIncome': 9787.823030643409, 'OperatingCashFlow': 34339.600792379235, 'EPS': 8.384375810710008}"
TICK021,2024-09-30,Q,income_statement_quarterly,"{'Revenue': 37015.1340467481, 'NetIncome': 3004.338809489651, 'OperatingCashFlow': 8298.56036989778, 'EPS': 7.502670189776852}"
TICK021,2024-12-31,Q,income_statement_quarterly,"{'Revenue': 125706.9408967639, 'NetIncome': 8961.986497000924, 'OperatingCashFlow': 23496.509460880996, 'EPS': 1.593291708286888}"
TICK022,2021-03-31,Q,income_statement_quarterly,"{'Revenue': 42449.412391122685, 'NetIncome': 8484.52063280734, 'OperatingCashFlow': 27719.055935224933, 'EPS': 7.286069394926047}"
TICK022,2021-06-30,Q,income_statement_quarterly,"{'Revenue': 94937.45591770344, 'NetIncome': 17763.305684704195, 'OperatingCashFlow': 4169.641561234956, 'EPS': 8.637466879946292}"
TICK022,2021-09-30,Q,income_statement_quarterly,"{'Revenue': 143492.23534105133, 'NetIncome': 9834.197116942383, 'OperatingCashFlow': 32629.774472847974, 'EPS': 4.722387975830008}"
TICK022,2021-12-31,Q,income_statement_quarterly,"{'Revenue': 145739.4666420756, 'NetIncome': 14723.370829223248, 'OperatingCashFlow': 39792.66257694972, 'EPS': 8.733586453951194}"
TICK022,2022-03-31,Q,income_statement_quarterly,"{'Revenue': 12739.150897937852, 'NetIncome': 16600.308237257377, 'OperatingCashFlow': 17276.70072615413, 'EPS': 6.085675079909314}"
TICK022,2022-06-30,Q,income_statement_quarterly,"{'Revenue': 97032.61404951634, 'NetIncome': 3972.377130409903, 'OperatingCashFlow': 18443.477112042438, 'EPS': 4.935031159654574}"
TICK022,2022-09-30,Q,income_statement_quarterly,"{'Revenue': 41414.66984134086, 'NetIncome': 12953.399865358024, 'OperatingCashFlow': 6159.4896205484765, 'EPS': 1.5690594139327523}"
TICK022,2022-12-31,Q,income_statement_quarterly,"{'Revenue': 128658.79530937257, 'NetIncome': 14268.493930790297, 'OperatingCashFlow': 15634.042920799715, 'EPS': 9.80818856825002}"
TICK022,2023-03-31,Q,income_statement_quarterly,"{'Revenue': 66643.42448429459, 'NetIncome': 19859.8708306778, 'OperatingCashFlow': 30547.598399245686, 'EPS': 6.4482505779915735}"
TICK022,2023-06-30,Q,income_statement_quarterly,"{'Revenue': 81868.7554125708, 'NetIncome': 19462.91978760426, 'OperatingCashFlow': 5740.269809628399, 'EPS': 5.076486203810672}"
TICK022,2023-09-30,Q,income_statement_quarterly,"{'Revenue': 95059.33618533339, 'NetIncome': 14273.95463840114, 'OperatingCashFlow': 24322.2174381333, 'EPS': 7.164705370090679}"
TICK022,2023-12-31,Q,income_statement_quarterly,"{'Revenue': 59902.64833649748, 'NetIncome': 6530.824143552196, 'OperatingCashFlow': 10881.230684849834, 'EPS': 9.548521664952842}"
TICK022,2024-03-31,Q,income_statement_quarterly,"{'Revenue': 142626.38483445364, 'NetIncome': 15488.291566909069, 'OperatingCashFlow': 15622.851818897889, 'EPS': 0.8143141212449587}"
TICK022,2024-06-30,Q,income_statement_quarterly,"{'Revenue': 51337.958392923356, 'NetIncome': 5348.730060012068, 'OperatingCashFlow': 35879.30666973192, 'EPS': 7.939630332180555}"
TICK022,2024-09-30,Q,income_statement_quarterly,"{'Revenue': 52451.66489459062, 'NetIncome': 17415.777576546967, 'OperatingCashFlow': 28266.820756413552, 'EPS': 0.501473681594081}"
TICK022,2024-12-31,Q,income_statement_quarterly,"{'Revenue': 27610.73308474409, 'NetIncome': 15611.457435961667, 'OperatingCashFlow': 11034.704753915485, 'EPS': 8.926295121953084}"
TICK023,2021-03-31,Q,income_statement_quarterly,"{'Revenue': 131625.89127833256, 'NetIncome': 14196.502078871456, 'OperatingCashFlow': 14163.043929306637, 'EPS': 9.19900867934057}"
TICK023,2021-06-30,Q,income_statement_quarterly,"{'Revenue': 148951.13711262922, 'NetIncome': 19814.478173260788, 'OperatingCashFlow': 21521.99815861767, 'EPS': 5.0106852933706145}"
TICK023,2021-09-30,Q,income_statement_quarterly,"{'Revenue': 134604.80794296577, 'NetIncome': 16299.072784384225, 'OperatingCashFlow': 13200.18919739131, 'EPS': 5.624005982817327}"
TICK023,2021-12-31,Q,income_statement_quarterly,"{'Revenue': 137233.7304808077, 'NetIncome': 1010.9242213512657, 'OperatingCashFlow': 7551.739832671156, 'EPS': 3.6914636127017544}"
TICK023,2022-03-31,Q,income_statement_quarterly,"{'Revenue': 71878.87817284693, 'NetIncome': 6142.283970133406, 'OperatingCashFlow': 36022.392566219874, 'EPS': 4.7567266195101645}"
TICK023,2022-06-30,Q,income_statement_quarterly,"{'Revenue': 36862.69273559498, 'NetIncome': 19069.62981811468, 'OperatingCashFlow': 14151.01032236963, 'EPS': 2.715382681329639}"
TICK023,2022-09-30,Q,income_statement_quarterly,"{'Revenue': 78038.7374098633, 'NetIncome': 10622.945031684916, 'OperatingCashFlow': 21791.950744638492, 'EPS': 2.180352490467775}"
TICK023,2022-12-31,Q,income_statement_quarterly,"{'Revenue': 13433.006586761927, 'NetIncome': 9167.826339902287, 'OperatingCashFlow': 7462.2315674379815, 'EPS': 5.367831117034424}"
TICK023,2023-03-31,Q,income_statement_quarterly,"{'Revenue': 130610.65120172886, 'NetIncome': 7397.557432728936, 'OperatingCashFlow': 29304.026050929406, 'EPS': 0.7937909101538608}"
TICK023,2023-06-30,Q,income_statement_quarterly,"{'Revenue': 77676.43771181737, 'NetIncome': 10018.52806775154, 'OperatingCashFlow': 28375.850416827117, 'EPS': 1.5364635733470184}"
TICK023,2023-09-30,Q,income_statement_quarterly,"{'Revenue': 43771.72568853136, 'NetIncome': 9952.778976505526, 'OperatingCashFlow': 28907.13769648931, 'EPS': 5.696440031020363}"
TICK023,2023-12-31,Q,income_statement_quarterly,"{'Revenue': 75320.61824442154, 'NetIncome': 7081.383455106226, 'OperatingCashFlow': 19725.046019925554, 'EPS': 7.9690447291850335}"
TICK023,2024-03-31,Q,income_statement_quarterly,"{'Revenue': 70604.02832744372, 'NetIncome': 5681.7156884406295, 'OperatingCashFlow': 31829.183116781118, 'EPS': 2.157955446037223}"
TICK023,2024-06-30,Q,income_statement_quarterly,"{'Revenue': 136575.05080290374, 'NetIncome': 5199.886632803148, 'OperatingCashFlow': 6438.823358692317, 'EPS': 8.991564302472684}"
TICK023,2024-09-30,Q,income_statement_quarterly,"{'Revenue': 43496.02047368331, 'NetIncome': 1542.180575130568, 'OperatingCashFlow': 35457.05541851952, 'EPS': 6.15815787537011}"
TICK023,2024-12-31,Q,income_statement_quarterly,"{'Revenue': 20709.92270382742, 'NetIncome': 12428.448448538235, 'OperatingCashFlow': 23514.34676602887, 'EPS': 2.5223634652231004}"
TICK024,2021-03-31,Q,income_statement_quarterly,"{'Revenue': 110293.33184823903, 'NetIncome': 15985.20729813906, 'OperatingCashFlow': 24525.180874424677, 'EPS': 3.708619596239013}"
TICK024,2021-06-30,Q,income_statement_quarterly,"{'Revenue': 146107.13746724083, 'NetIncome': 4405.919185570245, 'OperatingCashFlow': 16380.691345251813, 'EPS': 6.3058555248058195}"
TICK024,2021-09-30,Q,income_statement_quarterly,"{'Revenue': 45920.18167919876, 'NetIncome': 19990.953573177932, 'OperatingCashFlow': 7665.861435589345, 'EPS': 4.400647254683861}"
TICK024,2021-12-31,Q,income_statement_quarterly,"{'Revenue': 125205.12850709574, 'NetIncome': 10401.039623913315, 'OperatingCashFlow': 15080.544595216876, 'EPS': 2.3168838102657117}"
TICK024,2022-03-31,Q,income_statement_quarterly,"{'Revenue': 27608.814878426223, 'NetIncome': 1502.336586932681, 'OperatingCashFlow': 15459.309539421669, 'EPS': 2.551482574984576}"
TICK024,2022-06-30,Q,income_statement_quarterly,"{'Revenue': 55233.34572260688, 'NetIncome': 15801.86491248703, 'OperatingCashFlow': 28852.204844786134, 'EPS': 0.61155610471344}"
TICK024,2022-09-30,Q,income_statement_quarterly,"{'Revenue': 144225.35870057417, 'NetIncome': 15143.750944486917, 'OperatingCashFlow': 4470.873933561854, 'EPS': 6.637387739351165}"
TICK024,2022-12-31,Q,income_statement_quarterly,"{'Revenue': 141553.18893056078, 'NetIncome': 3277.730011303103, 'OperatingCashFlow': 8986.484784440647, 'EPS': 5.0735440928589925}"
TICK024,2023-03-31,Q,income_statement_quarterly,"{'Revenue': 20027.153602733917, 'NetIncome': 12263.394796274979, 'OperatingCashFlow': 22374.687743719736, 'EPS': 8.411353187657442}"
TICK024,2023-06-30,Q,income_statement_quarterly,"{'Revenue': 84516.7728517049, 'NetIncome': 15002.144943689904, 'OperatingCashFlow': 13615.206627366624, 'EPS': 6.127930384539524}"
TICK024,2023-09-30,Q,income_statement_quarterly,"{'Revenue': 92978.87622935705, 'NetIncome': 974.2817247232026, 'OperatingCashFlow': 24916.06131167262, 'EPS': 8.372405225964147}"
TICK024,2023-12-31,Q,income_statement_quarterly,"{'Revenue': 134402.95185439708, 'NetIncome': 10467.494375758277, 'OperatingCashFlow': 17533.632209162683, 'EPS': 6.926700425260754}"
TICK024,2024-03-31,Q,income_statement_quarterly,"{'Revenue': 44898.32896248438, 'NetIncome': 11218.062344922211, 'OperatingCashFlow': 33176.93460522242, 'EPS': 1.760566644659094}"
TICK024,2024-06-30,Q,income_statement_quarterly,"{'Revenue': 61573.106195272834, 'NetIncome': 18298.038057355323, 'OperatingCashFlow': 33206.35045851777, 'EPS': 6.663392421984517}"
TICK024,2024-09-30,Q,income_statement_quarterly,"{'Revenue': 6310.287038119226, 'NetIncome': 2383.061665331569, 'OperatingCashFlow': 19609.761760101355, 'EPS': 4.346195079342115}"
TICK024,2024-12-31,Q,income_statement_quarterly,"{'Revenue': 138698.3155830813, 'NetIncome': 867.4721986306022, 'OperatingCashFlow': 27908.84123460013, 'EPS': 3.8848182317150974}"
TICK025,2021-03-31,Q,income_statement_quarterly,"{'Revenue': 74946.55709112839, 'NetIncome': 2399.8123330985327, 'OperatingCashFlow': 25519.130479044714, 'EPS': 1.7687523086396788}"
TICK025,2021-06-30,Q,income_statement_quarterly,"{'Revenue': 43297.206466336516, 'NetIncome': 6736.7105719386955, 'OperatingCashFlow': 24324.438340826895, 'EPS': 3.35882089100743}"
TICK025,2021-09-30,Q,income_statement_quarterly,"{'Revenue': 44116.71986247685, 'NetIncome': 7463.3777504575, 'OperatingCashFlow': 31983.451220651314, 'EPS': 4.976522840021296}"
TICK025,2021-12-31,Q,income_statement_quarterly,"{'Revenue': 136968.60532010856, 'NetIncome': 12577.189700789959, 'OperatingCashFlow': 14373.489065459136, 'EPS': 8.410082636509602}"
TICK025,2022-03-31,Q,income_statement_quarterly,"{'Revenue': 117811.8430997976, 'NetIncome': 7757.741897244107, 'OperatingCashFlow': 19403.656445476496, 'EPS': 5.354271979453021}"
TICK025,2022-06-30,Q,income_statement_quarterly,"{'Revenue': 119421.14575953342, 'NetIncome': 4594.259778623882, 'OperatingCashFlow': 29208.96080230444, 'EPS': 3.0175960745240986}"
TICK025,2022-09-30,Q,income_statement_quarterly,"{'Revenue': 146496.78907198246, 'NetIncome': 10382.454985452272, 'OperatingCashFlow': 32977.71884391036, 'EPS': 5.211989079218613}"
TICK025,2022-12-31,Q,income_statement_quarterly,"{'Revenue': 17076.43963254492, 'NetIncome': 13942.749816445563, 'OperatingCashFlow': 6807.773006769281, 'EPS': 2.418245197537487}"
TICK025,2023-03-31,Q,income_statement_quarterly,"{'Revenue': 76129.13981774104, 'NetIncome': 8903.049020717173, 'OperatingCashFlow': 30243.55085994539, 'EPS': 1.3219229319345354}"
TICK025,2023-06-30,Q,income_statement_quarterly,"{'Revenue': 20103.52774009744, 'NetIncome': 3141.6468734141577, 'OperatingCashFlow': 20724.765330636525, 'EPS': 7.217910754490461}"
TICK025,2023-09-30,Q,income_statement_quarterly,"{'Revenue': 65476.494430372266, 'NetIncome': 15545.400294970828, 'OperatingCashFlow': 28433.665119590183, 'EPS': 5.240718396627257}"
TICK025,2023-12-31,Q,income_statement_quarterly,"{'Revenue': 67434.05229634247, 'NetIncome': 5170.817680919134, 'OperatingCashFlow': 6032.791070151399, 'EPS': 3.4197067136424675}"
TICK025,2024-03-31,Q,income_statement_quarterly,"{'Revenue': 49641.13363224403, 'NetIncome': 11102.377365668945, 'OperatingCashFlow': 30879.860372043207, 'EPS': 2.8316104902871997}"
TICK025,2024-06-30,Q,income_statement_quarterly,"{'Revenue': 32735.21532028371, 'NetIncome': 17806.541035035927, 'OperatingCashFlow': 4240.857578485861, 'EPS': 8.17061186526227}"
TICK025,2024-09-30,Q,income_statement_quarterly,"{'Revenue': 142319.1474282058, 'NetIncome': 13614.804688018168, 'OperatingCashFlow': 5093.672865070577, 'EPS': 3.5460904830935425}"
TICK025,2024-12-31,Q,income_statement_quarterly,"{'Revenue': 147065.3470264471, 'NetIncome': 7048.519835247838, 'OperatingCashFlow': 33720.99255137611, 'EPS': 9.006699373708939}"
TICK026,2021-03-31,Q,income_statement_quarterly,"{'Revenue': 48444.57045429526, 'NetIncome': 16059.973053895268, 'OperatingCashFlow': 11011.723204938715, 'EPS': 7.366242809003623}"
TICK026,2021-06-30,Q,income_statement_quarterly,"{'Revenue': 121641.55026719517, 'NetIncome': 15936.560480201475, 'OperatingCashFlow': 30237.642964240342, 'EPS': 8.055400731698587}"
TICK026,2021-09-30,Q,income_statement_quarterly,"{'Revenue': 100195.98062582895, 'NetIncome': 1430.6551172853428, 'OperatingCashFlow': 5950.782198177767, 'EPS': 1.2997899419020214}"
TICK026,2021-12-31,Q,income_statement_quarterly,"{'Revenue': 90048.34912787491, 'NetIncome': 19052.900592462593, 'OperatingCashFlow': 16314.140452454218, 'EPS': 2.0334086727845015}"
TICK026,2022-03-31,Q,income_statement_quarterly,"{'Revenue': 87634.40191484854, 'NetIncome': 12396.04511759196, 'OperatingCashFlow': 21085.832851042847, 'EPS': 4.129307559177215}"
TICK026,2022-06-30,Q,income_statement_quarterly,"{'Revenue': 99302.53625657773, 'NetIncome': 2061.036437484864, 'OperatingCashFlow': 25123.950968855428, 'EPS': 5.493667547092594}"
TICK026,2022-09-30,Q,income_statement_quarterly,"{'Revenue': 125724.48858662519, 'NetIncome': 4295.078885679241, 'OperatingCashFlow': 39409.03482994187, 'EPS': 2.2683199448325984}"
TICK026,2022-12-31,Q,income_statement_quarterly,"{'Revenue': 40254.795845056906, 'NetIncome': 10007.000509828522, 'OperatingCashFlow': 33578.88073803953, 'EPS': 9.195750456315036}"
TICK026,2023-03-31,Q,income_statement_quarterly,"{'Revenue': 94011.43088304937, 'NetIncome': 14073.21852786842, 'OperatingCashFlow': 27375.44601526883, 'EPS': 4.878882353658079}"
TICK026,2023-06-30,Q,income_statement_quarterly,"{'Revenue': 137054.94594922106, 'NetIncome': 2435.325992784471, 'OperatingCashFlow': 23588.277799300995, 'EPS': 2.243328550180535}"
TICK026,2023-09-30,Q,income_statement_quarterly,"{'Revenue': 118969.43649068363, 'NetIncome': 2591.6545230981724, 'OperatingCashFlow': 18122.528162370752, 'EPS': 8.093989570005338}"
TICK026,2023-12-31,Q,income_statement_quarterly,"{'Revenue': 13275.83989973452, 'NetIncome': 17568.83030376054, 'OperatingCashFlow': 10975.701806947203, 'EPS': 0.9631821775126598}"
TICK026,2024-03-31,Q,income_statement_quarterly,"{'Revenue': 7951.895875223694, 'NetIncome': 6493.778097471255, 'OperatingCashFlow': 22826.72427331391, 'EPS': 1.6445589838191785}"
TICK026,2024-06-30,Q,income_statement_quarterly,"{'Revenue': 77329.66467803322, 'NetIncome': 2537.537986333845, 'OperatingCashFlow': 20418.12487738475, 'EPS': 0.8593343011044547}"
TICK026,2024-09-30,Q,income_statement_quarterly,"{'Revenue': 36835.57775180398, 'NetIncome': 12030.44861556638, 'OperatingCashFlow': 2427.1865554893975, 'EPS': 7.623621575676931}"
TICK026,2024-12-31,Q,income_statement_quarterly,"{'Revenue': 7369.851716276446, 'NetIncome': 3906.1533896649134, 'OperatingCashFlow': 17472.7169092959, 'EPS': 9.649797038532322}"
TICK027,2021-03-31,Q,income_statement_quarterly,"{'Revenue': 149674.93684555, 'NetIncome': 1477.72547487062, 'OperatingCashFlow': 27526.736480210206, 'EPS': 9.818991671972805}"
TICK027,2021-06-30,Q,income_statement_quarterly,"{'Revenue': 89558.5219267944, 'NetIncome': 6823.668730191582, 'OperatingCashFlow': 21280.312557995567, 'EPS': 4.320279345604653}"
TICK027,2021-09-30,Q,income_statement_quarterly,"{'Revenue': 21783.354613486128, 'NetIncome': 5656.293878700894, 'OperatingCashFlow': 10041.452658928607, 'EPS': 8.381447510874896}"
TICK027,2021-12-31,Q,income_statement_quarterly,"{'Revenue': 129491.41053323871, 'NetIncome': 13515.194219558007, 'OperatingCashFlow': 21427.6939602625, 'EPS': 6.720154835956492}"
TICK027,2022-03-31,Q,income_statement_quarterly,"{'Revenue': 8916.08515605397, 'NetIncome': 19664.373068398472, 'OperatingCashFlow': 7500.093634137582, 'EPS': 2.717810688398425}"
TICK027,2022-06-30,Q,income_statement_quarterly,"{'Revenue': 30046.866626489616, 'NetIncome': 2197.294174822554, 'OperatingCashFlow': 18697.112198702434, 'EPS': 7.771117940841186}"
TICK027,2022-09-30,Q,income_statement_quarterly,"{'Revenue': 13485.733704762955, 'NetIncome': 14803.76076323049, 'OperatingCashFlow': 2050.352347386541, 'EPS': 2.078840735335076}"
TICK027,2022-12-31,Q,income_statement_quarterly,"{'Revenue': 144862.02509124568, 'NetIncome': 7443.934478715188, 'OperatingCashFlow': 7735.256030623514, 'EPS': 9.658119470453014}"
TICK027,2023-03-31,Q,income_statement_quarterly,"{'Revenue': 80177.33169652054, 'NetIncome': 12278.46213848373, 'OperatingCashFlow': 4018.2786337115085, 'EPS': 8.99694602331959}"
TICK027,2023-06-30,Q,income_statement_quarterly,"{'Revenue': 137913.03225341934, 'NetIncome': 7169.318502875277, 'OperatingCashFlow': 17354.205447744116, 'EPS': 1.5495537382663511}"
TICK027,2023-09-30,Q,income_statement_quarterly,"{'Revenue': 69908.80840611781, 'NetIncome': 16587.28650147697, 'OperatingCashFlow': 32073.906007962985, 'EPS': 2.7623269693800596}"
TICK027,2023-12-31,Q,income_statement_quarterly,"{'Revenue': 73905.68815971061, 'NetIncome': 1775.5962839476776, 'OperatingCashFlow': 4781.000160618635, 'EPS': 8.446236055729138}"
TICK027,2024-03-31,Q,income_statement_quarterly,"{'Revenue': 110213.40949256107, 'NetIncome': 2944.143819371495, 'OperatingCashFlow': 13008.25419960476, 'EPS': 2.7064262969169834}"
TICK027,2024-06-30,Q,income_statement_quarterly,"{'Revenue': 29418.765288239043, 'NetIncome': 18854.867076537135, 'OperatingCashFlow': 17778.50140405136, 'EPS': 1.7091847896926209}"
TICK027,2024-09-30,Q,income_statement_quarterly,"{'Revenue': 148792.32688122502, 'NetIncome': 3515.17209717111, 'OperatingCashFlow': 13890.198349241347, 'EPS': 3.6809731898363243}"
TICK027,2024-12-31,Q,income_statement_quarterly,"{'Revenue': 84804.4543631254, 'NetIncome': 16353.86838447042, 'OperatingCashFlow': 20628.035193659925, 'EPS': 9.938458144089896}"
TICK028,2021-03-31,Q,income_statement_quarterly,"{'Revenue': 149969.01207382855, 'NetIncome': 8349.736937946753, 'OperatingCashFlow': 27006.113117878453, 'EPS': 9.724935021634575}"
TICK028,2021-06-30,Q,income_statement_quarterly,"{'Revenue': 36073.396784969504, 'NetIncome': 5961.224230499133, 'OperatingCashFlow': 23708.499524352486, 'EPS': 1.2963059116396962}"
TICK028,2021-09-30,Q,income_statement_quarterly,"{'Revenue': 83222.4667126774, 'NetIncome': 10483.643766943223, 'OperatingCashFlow': 21426.886084612775, 'EPS': 4.706569784316735}"
TICK028,2021-12-31,Q,income_statement_quarterly,"{'Revenue': 120012.70624250342, 'NetIncome': 17716.212196214416, 'OperatingCashFlow': 36620.41946141945, 'EPS': 9.98542937138317}"
TICK028,2022-03-31,Q,income_statement_quarterly,"{'Revenue': 13227.23407548102, 'NetIncome': 10557.344039398959, 'OperatingCashFlow': 9477.014984546557, 'EPS': 4.046643414629543}"
TICK028,2022-06-30,Q,income_statement_quarterly,"{'Revenue': 134363.84598059114, 'NetIncome': 16325.99787528278, 'OperatingCashFlow': 24988.509828272505, 'EPS': 2.35416519582286}"
TICK028,2022-09-30,Q,income_statement_quarterly,"{'Revenue': 25662.37879140057, 'NetIncome': 5231.257455101897, 'OperatingCashFlow': 25365.62820352337, 'EPS': 7.236761062522101}"
TICK028,2022-12-31,Q,income_statement_quarterly,"{'Revenue': 33639.308408408135, 'NetIncome': 16238.492541630072, 'OperatingCashFlow': 7887.494092771859, 'EPS': 1.0214823139969795}"
TICK028,2023-03-31,Q,income_statement_quarterly,"{'Revenue': 39834.541627024235, 'NetIncome': 10378.318216746631, 'OperatingCashFlow': 30501.781001794596, 'EPS': 8.178939475269232}"
TICK028,2023-06-30,Q,income_statement_quarterly,"{'Revenue': 138608.3582115305, 'NetIncome': 6348.296032879279, 'OperatingCashFlow': 7176.372722202945, 'EPS': 7.99178346608874}"
TICK028,2023-09-30,Q,income_statement_quarterly,"{'Revenue': 77624.76833731706, 'NetIncome': 11694.401621955521, 'OperatingCashFlow': 25290.799186441815, 'EPS': 1.4205209467961604}"
TICK028,2023-12-31,Q,income_statement_quarterly,"{'Revenue': 91343.70329511915, 'NetIncome': 974.6059818471667, 'OperatingCashFlow': 38356.041912698885, 'EPS': 7.6428047323640245}"
TICK028,2024-03-31,Q,income_statement_quarterly,"{'Revenue': 53972.835883147585, 'NetIncome': 5919.995885069406, 'OperatingCashFlow': 15158.609483902992, 'EPS': 9.450207802817388}"
TICK028,2024-06-30,Q,income_statement_quarterly,"{'Revenue': 135549.86536716053, 'NetIncome': 4574.46493801179, 'OperatingCashFlow': 21638.515924171905, 'EPS': 7.7134363830769965}"
TICK028,2024-09-30,Q,income_statement_quarterly,"{'Revenue': 32788.760730236594, 'NetIncome': 5666.989516340027, 'OperatingCashFlow': 18074.858543154987, 'EPS': 3.4174202801141114}"
TICK028,2024-12-31,Q,income_statement_quarterly,"{'Revenue': 125761.81799390313, 'NetIncome': 14205.656883487502, 'OperatingCashFlow': 25118.173570959745, 'EPS': 4.291252387558426}"
TICK029,2021-03-31,Q,income_statement_quarterly,"{'Revenue': 24509.935673574553, 'NetIncome': 7918.159351651334, 'OperatingCashFlow': 26452.857525969044, 'EPS': 5.628907589820241}"
TICK029,2021-06-30,Q,income_statement_quarterly,"{'Revenue': 98751.34703400574, 'NetIncome': 5838.398950442836, 'OperatingCashFlow': 2745.5243180183224, 'EPS': 4.171276825747308}"
TICK029,2021-09-30,Q,income_statement_quarterly,"{'Revenue': 29365.33507605014, 'NetIncome': 8292.898727650128, 'OperatingCashFlow': 17975.240710675556, 'EPS': 2.6180549733134373}"
TICK029,2021-12-31,Q,income_statement_quarterly,"{'Revenue': 12288.22617760519, 'NetIncome': 3639.9359414257624, 'OperatingCashFlow': 11119.644497631161, 'EPS': 7.220274886329746}"
TICK029,2022-03-31,Q,income_statement_quarterly,"{'Revenue': 84724.36404768763, 'NetIncome': 11417.801279915593, 'OperatingCashFlow': 15554.087082196495, 'EPS': 6.899657651446492}"
TICK029,2022-06-30,Q,income_statement_quarterly,"{'Revenue': 103245.58192582898, 'NetIncome': 14833.831925097029, 'OperatingCashFlow': 18639.557246612294, 'EPS': 6.293474792097755}"
TICK029,2022-09-30,Q,income_statement_quarterly,"{'Revenue': 78225.59513638428, 'NetIncome': 14940.880892457057, 'OperatingCashFlow': 23273.273639562856, 'EPS': 5.478839460326493}"
TICK029,2022-12-31,Q,income_statement_quarterly,"{'Revenue': 27106.646649602422, 'NetIncome': 10424.399520499786, 'OperatingCashFlow': 14881.042445566056, 'EPS': 5.693828787255063}"
TICK029,2023-03-31,Q,income_statement_quarterly,"{'Revenue': 139491.24231581175, 'NetIncome': 6411.382864830723, 'OperatingCashFlow': 25985.103688009964, 'EPS': 3.1721064108389663}"
TICK029,2023-06-30,Q,income_statement_quarterly,"{'Revenue': 55310.25925116403, 'NetIncome': 9495.497354638841, 'OperatingCashFlow': 5628.179984079336, 'EPS': 6.262548366648461}"
TICK029,2023-09-30,Q,income_statement_quarterly,"{'Revenue': 17179.45138228604, 'NetIncome': 6172.54352208896, 'OperatingCashFlow': 36666.063311446414, 'EPS': 8.149954294864187}"
TICK029,2023-12-31,Q,income_statement_quarterly,"{'Revenue': 129490.39836392872, 'NetIncome': 16936.70027223935, 'OperatingCashFlow': 36532.01309733988, 'EPS': 7.804210577877606}"
TICK029,2024-03-31,Q,income_statement_quarterly,"{'Revenue': 125547.1337034848, 'NetIncome': 6239.562085031748, 'OperatingCashFlow': 31634.563908726464, 'EPS': 4.50139477564422}"
TICK029,2024-06-30,Q,income_statement_quarterly,"{'Revenue': 26765.106697867577, 'NetIncome': 16622.968556985343, 'OperatingCashFlow': 15454.417915422537, 'EPS': 1.6313943918586085}"
TICK029,2024-09-30,Q,income_statement_quarterly,"{'Revenue': 6752.567920899195, 'NetIncome': 9478.620323975132, 'OperatingCashFlow': 38589.37692714086, 'EPS': 4.606869483710116}"
TICK029,2024-12-31,Q,income_statement_quarterly,"{'Revenue': 122868.5601583718, 'NetIncome': 6683.897978750143, 'OperatingCashFlow': 5354.35504083827, 'EPS': 3.7225555801315027}"
TICK030,2021-03-31,Q,income_statement_quarterly,"{'Revenue': 54831.461615496446, 'NetIncome': 2552.038222994702, 'OperatingCashFlow': 29676.808661532, 'EPS': 5.3422935790429245}"
TICK030,2021-06-30,Q,income_statement_quarterly,"{'Revenue': 64669.13507293528, 'NetIncome': 7872.5238748029215, 'OperatingCashFlow': 15061.28685331819, 'EPS': 5.788594632804726}"
TICK030,2021-09-30,Q,income_statement_quarterly,"{'Revenue': 75516.64380990926, 'NetIncome': 6270.802002395268, 'OperatingCashFlow': 31132.18119222349, 'EPS': 3.9067808217088067}"
TICK030,2021-12-31,Q,income_statement_quarterly,"{'Revenue': 132086.34349775733, 'NetIncome': 11816.279630817948, 'OperatingCashFlow': 28376.17700199241, 'EPS': 4.436648308764614}"
TICK030,2022-03-31,Q,income_statement_quarterly,"{'Revenue': 118886.83181481904, 'NetIncome': 12516.042279194942, 'OperatingCashFlow': 39624.56420895297, 'EPS': 5.783305984278874}"
TICK030,2022-06-30,Q,income_statement_quarterly,"{'Revenue': 42919.91917706515, 'NetIncome': 12548.503085056074, 'OperatingCashFlow': 29456.55452086173, 'EPS': 2.7335521822789035}"
TICK030,2022-09-30,Q,income_statement_quarterly,"{'Revenue': 62344.86881342584, 'NetIncome': 19991.470676210487, 'OperatingCashFlow': 36404.287026812846, 'EPS': 6.528329765537769}"
TICK030,2022-12-31,Q,income_statement_quarterly,"{'Revenue': 105995.16311998057, 'NetIncome': 4103.096483782338, 'OperatingCashFlow': 5578.750480738455, 'EPS': 9.187519720777924}"
TICK030,2023-03-31,Q,income_statement_quarterly,"{'Revenue': 41193.73224742844, 'NetIncome': 12235.338952561935, 'OperatingCashFlow': 9901.580930050837, 'EPS': 5.857213620998156}"
TICK030,2023-06-30,Q,income_statement_quarterly,"{'Revenue': 110466.4493355207, 'NetIncome': 8915.390289470932, 'OperatingCashFlow': 15537.462784515226, 'EPS': 9.64662064533428}"
TICK030,2023-09-30,Q,income_statement_quarterly,"{'Revenue': 20388.186292120237, 'NetIncome': 9827.183184774352, 'OperatingCashFlow': 17367.898669377115, 'EPS': 7.214032050792753}"
TICK030,2023-12-31,Q,income_statement_quarterly,"{'Revenue': 129063.44072308272, 'NetIncome': 19064.307969907313, 'OperatingCashFlow': 13887.09849260379, 'EPS': 6.279564736242898}"
TICK030,2024-03-31,Q,income_statement_quarterly,"{'Revenue': 59699.87431123116, 'NetIncome': 14329.116840665924, 'OperatingCashFlow': 16105.077384350756, 'EPS': 7.460819421190395}"
TICK030,2024-06-30,Q,income_statement_quarterly,"{'Revenue': 87905.8674302775, 'NetIncome': 9089.290068841872, 'OperatingCashFlow': 35488.12121518057, 'EPS': 4.258987269156859}"
TICK030,2024-09-30,Q,income_statement_quarterly,"{'Revenue': 61406.80805537924, 'NetIncome': 14155.717776871148, 'OperatingCashFlow': 30199.901721720045, 'EPS': 5.359539131028544}"
TICK030,2024-12-31,Q,income_statement_quarterly,"{'Revenue': 112029.51618420995, 'NetIncome': 19125.679493402327, 'OperatingCashFlow': 10366.8688555112, 'EPS': 4.297043883944698}"
TICK031,2021-03-31,Q,income_statement_quarterly,"{'Revenue': 49956.8591314827, 'NetIncome': 7874.3281582252175, 'OperatingCashFlow': 31489.159866767775, 'EPS': 4.270729229253659}"
TICK031,2021-06-30,Q,income_statement_quarterly,"{'Revenue': 21583.50399468132, 'NetIncome': 16588.657631394017, 'OperatingCashFlow': 29122.03874693908, 'EPS': 6.708049815280756}"
TICK031,2021-09-30,Q,income_statement_quarterly,"{'Revenue': 34260.68477764599, 'NetIncome': 4314.106316345293, 'OperatingCashFlow': 11137.699795891653, 'EPS': 9.847929873828106}"
TICK031,2021-12-31,Q,income_statement_quarterly,"{'Revenue': 26186.365341811117, 'NetIncome': 19119.04346094427, 'OperatingCashFlow': 38940.225183594084, 'EPS': 5.060175715871636}"
TICK031,2022-03-31,Q,income_statement_quarterly,"{'Revenue': 28189.534608965118, 'NetIncome': 14758.099278165533, 'OperatingCashFlow': 18849.22896799607, 'EPS': 6.305951635101716}"
TICK031,2022-06-30,Q,income_statement_quarterly,"{'Revenue': 103360.54250061618, 'NetIncome': 18570.44026217561, 'OperatingCashFlow': 27421.925605310473, 'EPS': 3.871160730928726}"
TICK031,2022-09-30,Q,income_statement_quarterly,"{'Revenue': 89654.7049208109, 'NetIncome': 790.8860387689987, 'OperatingCashFlow': 29261.058956419893, 'EPS': 1.177744495801132}"
TICK031,2022-12-31,Q,income_statement_quarterly,"{'Revenue': 131362.25681506863, 'NetIncome': 19149.169598213644, 'OperatingCashFlow': 38992.57893627096, 'EPS': 0.7627302388481321}"
TICK031,2023-03-31,Q,income_statement_quarterly,"{'Revenue': 135461.65395930054, 'NetIncome': 14235.954588197608, 'OperatingCashFlow': 7312.9969473893225, 'EPS': 4.845895219331263}"
TICK031,2023-06-30,Q,income_statement_quarterly,"{'Revenue': 147963.37824991695, 'NetIncome': 1173.8040306791531, 'OperatingCashFlow': 4313.087007885279, 'EPS': 2.0295541781389312}"
TICK031,2023-09-30,Q,income_statement_quarterly,"{'Revenue': 60609.665409313384, 'NetIncome': 19375.469897121504, 'OperatingCashFlow': 19242.24068978108, 'EPS': 8.58812780747976}"
TICK031,2023-12-31,Q,income_statement_quarterly,"{'Revenue': 77790.89749339744, 'NetIncome': 4914.815957176129, 'OperatingCashFlow': 23830.644665744334, 'EPS': 0.9686347268017813}"
TICK031,2024-03-31,Q,income_statement_quarterly,"{'Revenue': 18152.923150938193, 'NetIncome': 7700.0001818143965, 'OperatingCashFlow': 24430.073634162836, 'EPS': 5.865507989428285}"
TICK031,2024-06-30,Q,income_statement_quarterly,"{'Revenue': 43652.218562460155, 'NetIncome': 8145.138102313254, 'OperatingCashFlow': 6471.062365061366, 'EPS': 0.7579448391600909}"
TICK031,2024-09-30,Q,income_statement_quarterly,"{'Revenue': 92922.21514186074, 'NetIncome': 9999.41389974981, 'OperatingCashFlow': 7034.595975364344, 'EPS': 1.7074012642209082}"
TICK031,2024-12-31,Q,income_statement_quarterly,"{'Revenue': 138541.35035079005, 'NetIncome': 17405.701607426967, 'OperatingCashFlow': 4616.919708788596, 'EPS': 3.971872713271905}"
TICK032,2021-03-31,Q,income_statement_quarterly,"{'Revenue': 144991.1667446949, 'NetIncome': 6569.63816957596, 'OperatingCashFlow': 34811.065413905555, 'EPS': 7.017258658271635}"
TICK032,2021-06-30,Q,income_statement_quarterly,"{'Revenue': 136037.9969801286, 'NetIncome': 9986.320380391175, 'OperatingCashFlow': 10972.050404133088, 'EPS': 3.9256496638003147}"
TICK032,2021-09-30,Q,income_statement_quarterly,"{'Revenue': 28288.817782576785, 'NetIncome': 15107.968629718614, 'OperatingCashFlow': 29339.990046385577, 'EPS': 5.059967141981877}"
TICK032,2021-12-31,Q,income_statement_quarterly,"{'Revenue': 17071.276063108846, 'NetIncome': 5857.108462551022, 'OperatingCashFlow': 38018.377975680676, 'EPS': 3.0868351295728713}"
TICK032,2022-03-31,Q,income_statement_quarterly,"{'Revenue': 103908.41640669497, 'NetIncome': 18029.958317955836, 'OperatingCashFlow': 2952.195901682754, 'EPS': 4.0415365163455785}"
TICK032,2022-06-30,Q,income_statement_quarterly,"{'Revenue': 49141.777598382105, 'NetIncome': 1168.2626948583807, 'OperatingCashFlow': 12145.407638512797, 'EPS': 9.963927064068574}"
TICK032,2022-09-30,Q,income_statement_quarterly,"{'Revenue': 55050.04609156251, 'NetIncome': 12095.865579621903, 'OperatingCashFlow': 36791.29292132055, 'EPS': 8.337677773510098}"
TICK032,2022-12-31,Q,income_statement_quarterly,"{'Revenue': 81603.83201344499, 'NetIncome': 17084.108437143295, 'OperatingCashFlow': 22192.731502540384, 'EPS': 8.879520667024142}"
TICK032,2023-03-31,Q,income_statement_quarterly,"{'Revenue': 11434.82199709568, 'NetIncome': 8906.245716793692, 'OperatingCashFlow': 31960.24508434662, 'EPS': 7.334409532254967}"
TICK032,2023-06-30,Q,income_statement_quarterly,"{'Revenue': 90852.68845579647, 'NetIncome': 13579.007839495032, 'OperatingCashFlow': 14214.989244946219, 'EPS': 5.947241114992743}"
TICK032,2023-09-30,Q,income_statement_quarterly,"{'Revenue': 80668.1895411659, 'NetIncome': 14255.584934330289, 'OperatingCashFlow': 12994.227780894258, 'EPS': 6.119330539987835}"
TICK032,2023-12-31,Q,income_statement_quarterly,"{'Revenue': 136270.9921383244, 'NetIncome': 15675.228207141878, 'OperatingCashFlow': 29405.30092756151, 'EPS': 3.9952859944845365}"
TICK032,2024-03-31,Q,income_statement_quarterly,"{'Revenue': 141485.9518379992, 'NetIncome': 2280.8058883828253, 'OperatingCashFlow': 31269.684731079564, 'EPS': 4.4378922820314965}"
TICK032,2024-06-30,Q,income_statement_quarterly,"{'Revenue': 114526.18719929254, 'NetIncome': 1112.6731576890575, 'OperatingCashFlow': 36849.03535588765, 'EPS': 5.789534665955831}"
TICK032,2024-09-30,Q,income_statement_quarterly,"{'Revenue': 129340.66350057913, 'NetIncome': 13766.163335633892, 'OperatingCashFlow': 12112.473355746211, 'EPS': 1.9285511518994223}"
TICK032,2024-12-31,Q,income_statement_quarterly,"{'Revenue': 32991.462103019745, 'NetIncome': 2442.7679328471627, 'OperatingCashFlow': 36123.64458547126, 'EPS': 6.420610686117988}"
TICK033,2021-03-31,Q,income_statement_quarterly,"{'Revenue': 125646.83977050574, 'NetIncome': 5024.510372628407, 'OperatingCashFlow': 19358.29355123456, 'EPS': 3.9187686606204224}"
TICK033,2021-06-30,Q,income_statement_quarterly,"{'Revenue': 107986.90418178673, 'NetIncome': 8994.607522453514, 'OperatingCashFlow': 18266.775064460762, 'EPS': 5.661750694422931}"
TICK033,2021-09-30,Q,income_statement_quarterly,"{'Revenue': 85382.07298744962, 'NetIncome': 7852.941119599365, 'OperatingCashFlow': 37544.53499930869, 'EPS': 1.6861008038689835}"
TICK033,2021-12-31,Q,income_statement_quarterly,"{'Revenue': 85873.37580193834, 'NetIncome': 7110.992941172581, 'OperatingCashFlow': 5481.548195667081, 'EPS': 6.174671057792564}"
TICK033,2022-03-31,Q,income_statement_quarterly,"{'Revenue': 111409.17019856207, 'NetIncome': 11083.522204132294, 'OperatingCashFlow': 35986.92578675279, 'EPS': 6.511067724404954}"
TICK033,2022-06-30,Q,income_statement_quarterly,"{'Revenue': 43788.17018325427, 'NetIncome': 19189.349830601383, 'OperatingCashFlow': 5798.9167379092505, 'EPS': 6.572634167872055}"
TICK033,2022-09-30,Q,income_statement_quarterly,"{'Revenue': 112277.42904906563, 'NetIncome': 5020.476208137637, 'OperatingCashFlow': 13404.669876437014, 'EPS': 1.2529107807105144}"
TICK033,2022-12-31,Q,income_statement_quarterly,"{'Revenue': 35583.04914071761, 'NetIncome': 4672.147159916841, 'OperatingCashFlow': 17428.51281481771, 'EPS': 2.831244816305224}"
TICK033,2023-03-31,Q,income_statement_quarterly,"{'Revenue': 72284.15048991493, 'NetIncome': 7585.353137456055, 'OperatingCashFlow': 17490.665676192286, 'EPS': 7.245692738357179}"
TICK033,2023-06-30,Q,income_statement_quarterly,"{'Revenue': 16882.919288565863, 'NetIncome': 16537.31822871405, 'OperatingCashFlow': 32316.76165430891, 'EPS': 2.206091311425782}"
TICK033,2023-09-30,Q,income_statement_quarterly,"{'Revenue': 147278.32954993678, 'NetIncome': 10083.595513559694, 'OperatingCashFlow': 7911.422625122478, 'EPS': 6.205089515285071}"
TICK033,2023-12-31,Q,income_statement_quarterly,"{'Revenue': 85076.23814121525, 'NetIncome': 5464.316412040643, 'OperatingCashFlow': 7251.763672329776, 'EPS': 1.9571355830216288}"
TICK033,2024-03-31,Q,income_statement_quarterly,"{'Revenue': 125248.87856407522, 'NetIncome': 17713.52664722204, 'OperatingCashFlow': 32570.896913181623, 'EPS': 5.907026578561773}"
TICK033,2024-06-30,Q,income_statement_quarterly,"{'Revenue': 15450.734613956174, 'NetIncome': 1350.3737787028492, 'OperatingCashFlow': 24162.802353485466, 'EPS': 5.565511956438557}"
TICK033,2024-09-30,Q,income_statement_quarterly,"{'Revenue': 91153.90540198165, 'NetIncome': 5979.90436884567, 'OperatingCashFlow': 33189.38614718297, 'EPS': 6.976919174111068}"
TICK033,2024-12-31,Q,income_statement_quarterly,"{'Revenue': 82475.18264776928, 'NetIncome': 14712.664516777499, 'OperatingCashFlow': 15431.443621319337, 'EPS': 4.425674177315232}"
TICK034,2021-03-31,Q,income_statement_quarterly,"{'Revenue': 46289.9864167205, 'NetIncome': 1620.5703254501248, 'OperatingCashFlow': 6090.580838915792, 'EPS': 0.7082393073825619}"
TICK034,2021-06-30,Q,income_statement_quarterly,"{'Revenue': 132806.99047974744, 'NetIncome': 2857.562007972964, 'OperatingCashFlow': 26412.772019043918, 'EPS': 1.638223745433814}"
TICK034,2021-09-30,Q,income_statement_quarterly,"{'Revenue': 52963.16211508711, 'NetIncome': 10842.965904786233, 'OperatingCashFlow': 3980.820307989082, 'EPS': 6.263800118114482}"
TICK034,2021-12-31,Q,income_statement_quarterly,"{'Revenue': 126139.1122563194, 'NetIncome': 649.4849286208164, 'OperatingCashFlow': 34216.02884084206, 'EPS': 6.931076097295689}"
TICK034,2022-03-31,Q,income_statement_quarterly,"{'Revenue': 36126.44249667534, 'NetIncome': 11895.364110654184, 'OperatingCashFlow': 36859.504214224224, 'EPS': 4.477048624597777}"
TICK034,2022-06-30,Q,income_statement_quarterly,"{'Revenue': 74772.10808296807, 'NetIncome': 10563.183327703407, 'OperatingCashFlow': 35662.39310328982, 'EPS': 3.3588366806806516}"
TICK034,2022-09-30,Q,income_statement_quarterly,"{'Revenue': 9353.531237506588, 'NetIncome': 725.3735524630196, 'OperatingCashFlow': 10398.234880420127, 'EPS': 8.704839477339013}"
TICK034,2022-12-31,Q,income_statement_quarterly,"{'Revenue': 27907.12942033606, 'NetIncome': 18460.28190560397, 'OperatingCashFlow': 6412.5125940548905, 'EPS': 6.750687848410866}"
TICK034,2023-03-31,Q,income_statement_quarterly,"{'Revenue': 9652.135409744093, 'NetIncome': 19362.88218280997, 'OperatingCashFlow': 20162.764797548276, 'EPS': 5.406373970131042}"
TICK034,2023-06-30,Q,income_statement_quarterly,"{'Revenue': 99770.00962129059, 'NetIncome': 18215.517445693018, 'OperatingCashFlow': 15711.03773179104, 'EPS': 4.789593286140638}"
TICK034,2023-09-30,Q,income_statement_quarterly,"{'Revenue': 71756.52670412806, 'NetIncome': 10102.983495237753, 'OperatingCashFlow': 18369.630160589033, 'EPS': 9.718724826898718}"
TICK034,2023-12-31,Q,income_statement_quarterly,"{'Revenue': 135674.21845157727, 'NetIncome': 8555.082641280664, 'OperatingCashFlow': 6663.762344627192, 'EPS': 2.5481651026647754}"
TICK034,2024-03-31,Q,income_statement_quarterly,"{'Revenue': 76857.465465657, 'NetIncome': 15222.051812900912, 'OperatingCashFlow': 34668.84137393482, 'EPS': 5.095151310345917}"
TICK034,2024-06-30,Q,income_statement_quarterly,"{'Revenue': 95904.26561804904, 'NetIncome': 13090.475051625317, 'OperatingCashFlow': 3156.954465940582, 'EPS': 0.573656809119237}"
TICK034,2024-09-30,Q,income_statement_quarterly,"{'Revenue': 123979.35250568434, 'NetIncome': 17012.095334591617, 'OperatingCashFlow': 17102.85107698282, 'EPS': 9.831864431260016}"
TICK034,2024-12-31,Q,income_statement_quarterly,"{'Revenue': 121573.31468588302, 'NetIncome': 13353.60038733437, 'OperatingCashFlow': 25471.244283420667, 'EPS': 5.767643666160159}"
TICK035,2021-03-31,Q,income_statement_quarterly,"{'Revenue': 40546.58533643225, 'NetIncome': 10975.340576933917, 'OperatingCashFlow': 6007.905734102147, 'EPS': 7.468128265202758}"
TICK035,2021-06-30,Q,income_statement_quarterly,"{'Revenue': 123037.82220734312, 'NetIncome': 6876.6055179567, 'OperatingCashFlow': 20872.977030477654, 'EPS': 2.951286678963849}"
TICK035,2021-09-30,Q,income_statement_quarterly,"{'Revenue': 43593.801193818006, 'NetIncome': 10181.253902484073, 'OperatingCashFlow': 24768.45520052565, 'EPS': 1.6825123111451863}"
TICK035,2021-12-31,Q,income_statement_quarterly,"{'Revenue': 138337.52905129173, 'NetIncome': 4080.506820492404, 'OperatingCashFlow': 24811.058385706823, 'EPS': 4.840964078698561}"
TICK035,2022-03-31,Q,income_statement_quarterly,"{'Revenue': 10416.038596569197, 'NetIncome': 7618.310428199106, 'OperatingCashFlow': 21551.599301007802, 'EPS': 2.704182363573072}"
TICK035,2022-06-30,Q,income_statement_quarterly,"{'Revenue': 33888.288818528876, 'NetIncome': 6623.029815062032, 'OperatingCashFlow': 5534.572298347934, 'EPS': 6.035990733846725}"
TICK035,2022-09-30,Q,income_statement_quarterly,"{'Revenue': 115373.9620368063, 'NetIncome': 1985.3202128834678, 'OperatingCashFlow': 35569.15163069819, 'EPS': 5.303812807291757}"
TICK035,2022-12-31,Q,income_statement_quarterly,"{'Revenue': 59908.200351476284, 'NetIncome': 9070.922621174892, 'OperatingCashFlow': 9894.849340021456, 'EPS': 1.9910442359592446}"
TICK035,2023-03-31,Q,income_statement_quarterly,"{'Revenue': 60751.7801997538, 'NetIncome': 16304.270049972869, 'OperatingCashFlow': 13740.002037117405, 'EPS': 3.896809815976405}"
TICK035,2023-06-30,Q,income_statement_quarterly,"{'Revenue': 80124.84639052035, 'NetIncome': 5245.041370530138, 'OperatingCashFlow': 14119.482230997606, 'EPS': 3.3844154212695248}"
TICK035,2023-09-30,Q,income_statement_quarterly,"{'Revenue': 39315.122305046214, 'NetIncome': 9254.242245826732, 'OperatingCashFlow': 10391.079387793063, 'EPS': 9.42395504760926}"
TICK035,2023-12-31,Q,income_statement_quarterly,"{'Revenue': 59494.350709824175, 'NetIncome': 13267.979468450205, 'OperatingCashFlow': 14885.313803636935, 'EPS': 0.5099728788127057}"
TICK035,2024-03-31,Q,income_statement_quarterly,"{'Revenue': 98097.44065989234, 'NetIncome': 15457.461141163769, 'OperatingCashFlow': 12759.823350806648, 'EPS': 4.679793038636209}"
TICK035,2024-06-30,Q,income_statement_quarterly,"{'Revenue': 45671.18361303276, 'NetIncome': 9814.422162378312, 'OperatingCashFlow': 34271.26697736693, 'EPS': 6.502663681291044}"
TICK035,2024-09-30,Q,income_statement_quarterly,"{'Revenue': 53614.89763355022, 'NetIncome': 12650.640329205746, 'OperatingCashFlow': 13117.893794559772, 'EPS': 6.095203321439303}"
TICK035,2024-12-31,Q,income_statement_quarterly,"{'Revenue': 71109.89027647297, 'NetIncome': 6494.034806234581, 'OperatingCashFlow': 6999.380371401196, 'EPS': 6.425228510430248}"
TICK036,2021-03-31,Q,income_statement_quarterly,"{'Revenue': 43392.87607488035, 'NetIncome': 7613.80260946109, 'OperatingCashFlow': 18931.64678609049, 'EPS': 6.505371743115048}"
TICK036,2021-06-30,Q,income_statement_quarterly,"{'Revenue': 55380.79691313439, 'NetIncome': 998.7726119949092, 'OperatingCashFlow': 39504.769930520415, 'EPS': 1.7749655227345507}"
TICK036,2021-09-30,Q,income_statement_quarterly,"{'Revenue': 106422.73935341762, 'NetIncome': 11338.358403718385, 'OperatingCashFlow': 9848.300889066391, 'EPS': 2.141158455804654}"
TICK036,2021-12-31,Q,income_statement_quarterly,"{'Revenue': 86869.14688369255, 'NetIncome': 17737.14682876818, 'OperatingCashFlow': 22604.537006050945, 'EPS': 9.780561311481637}"
TICK036,2022-03-31,Q,income_statement_quarterly,"{'Revenue': 64225.10028418709, 'NetIncome': 10096.39139060616, 'OperatingCashFlow': 31345.124850493823, 'EPS': 0.7057428982156437}"
TICK036,2022-06-30,Q,income_statement_quarterly,"{'Revenue': 85641.55710903073, 'NetIncome': 11756.041407361807, 'OperatingCashFlow': 20854.971931922813, 'EPS': 4.349972212295936}"
TICK036,2022-09-30,Q,income_statement_quarterly,"{'Revenue': 68839.91188907894, 'NetIncome': 4289.55278087381, 'OperatingCashFlow': 31570.446158941082, 'EPS': 9.351277467420347}"
TICK036,2022-12-31,Q,income_statement_quarterly,"{'Revenue': 86554.55705498144, 'NetIncome': 8575.601448177229, 'OperatingCashFlow': 35541.69291957624, 'EPS': 2.2658944226672504}"
TICK036,2023-03-31,Q,income_statement_quarterly,"{'Revenue': 47066.91875084609, 'NetIncome': 1657.2662174144625, 'OperatingCashFlow': 16373.593460847133, 'EPS': 8.042750515665507}"
TICK036,2023-06-30,Q,income_statement_quarterly,"{'Revenue': 110438.96376050496, 'NetIncome': 19190.907102230583, 'OperatingCashFlow': 18132.17527954317, 'EPS': 5.778131497803364}"
TICK036,2023-09-30,Q,income_statement_quarterly,"{'Revenue': 59511.032789317636, 'NetIncome': 12425.698329029137, 'OperatingCashFlow': 12350.78016938475, 'EPS': 1.6291655496166753}"
TICK036,2023-12-31,Q,income_statement_quarterly,"{'Revenue': 31015.741864359923, 'NetIncome': 19448.303484421514, 'OperatingCashFlow': 13172.575404048232, 'EPS': 2.542243283293092}"
TICK036,2024-03-31,Q,income_statement_quarterly,"{'Revenue': 15218.991959018698, 'NetIncome': 5785.732320105729, 'OperatingCashFlow': 21298.78077488929, 'EPS': 8.15178866759538}"
TICK036,2024-06-30,Q,income_statement_quarterly,"{'Revenue': 142850.7539709792, 'NetIncome': 19566.379392497587, 'OperatingCashFlow': 35256.692581827134, 'EPS': 7.344089213676844}"
TICK036,2024-09-30,Q,income_statement_quarterly,"{'Revenue': 72601.8967176966, 'NetIncome': 3613.913933867772, 'OperatingCashFlow': 33365.91663897595, 'EPS': 1.5492330140451718}"
TICK036,2024-12-31,Q,income_statement_quarterly,"{'Revenue': 117968.93961185253, 'NetIncome': 8274.276839343524, 'OperatingCashFlow': 19492.21322142615, 'EPS': 0.5312388017133658}"
TICK037,2021-03-31,Q,income_statement_quarterly,"{'Revenue': 26019.152563847696, 'NetIncome': 17330.58167544597, 'OperatingCashFlow': 13716.189734703868, 'EPS': 8.0427695776958}"
TICK037,2021-06-30,Q,income_statement_quarterly,"{'Revenue': 63237.10926714433, 'NetIncome': 16964.014339229885, 'OperatingCashFlow': 31669.046889560806, 'EPS': 8.758852217888002}"
TICK037,2021-09-30,Q,income_statement_quarterly,"{'Revenue': 99288.94502678647, 'NetIncome': 10575.019131279221, 'OperatingCashFlow': 12037.17712693339, 'EPS': 5.189755082263142}"
TICK037,2021-12-31,Q,income_statement_quarterly,"{'Revenue': 120747.29420705086, 'NetIncome': 4865.751587546173, 'OperatingCashFlow': 26464.384425144726, 'EPS': 5.915919553374821}"
TICK037,2022-03-31,Q,income_statement_quarterly,"{'Revenue': 131223.51309148266, 'NetIncome': 12532.562071359715, 'OperatingCashFlow': 27648.51050989443, 'EPS': 7.956506817027742}"
TICK037,2022-06-30,Q,income_statement_quarterly,"{'Revenue': 58689.02532085084, 'NetIncome': 16372.179115942941, 'OperatingCashFlow': 8777.92563281992, 'EPS': 6.348777430630955}"
TICK037,2022-09-30,Q,income_statement_quarterly,"{'Revenue': 48406.25386003753, 'NetIncome': 14560.011893098274, 'OperatingCashFlow': 33692.37540729541, 'EPS': 2.1938457610101665}"
TICK037,2022-12-31,Q,income_statement_quarterly,"{'Revenue': 127872.25333469703, 'NetIncome': 12866.167122274206, 'OperatingCashFlow': 2611.0333383896154, 'EPS': 7.6048528703789}"
TICK037,2023-03-31,Q,income_statement_quarterly,"{'Revenue': 141122.68157372065, 'NetIncome': 6106.893724714526, 'OperatingCashFlow': 18509.956542472748, 'EPS': 3.0388495175996884}"
TICK037,2023-06-30,Q,income_statement_quarterly,"{'Revenue': 86227.18758937437, 'NetIncome': 15123.469396181477, 'OperatingCashFlow': 17620.37140640795, 'EPS': 5.9956637476287415}"
TICK037,2023-09-30,Q,income_statement_quarterly,"{'Revenue': 43642.54875250156, 'NetIncome': 19046.98546606749, 'OperatingCashFlow': 25890.592372415067, 'EPS': 1.0871697661200899}"
TICK037,2023-12-31,Q,income_statement_quarterly,"{'Revenue': 141085.7749320699, 'NetIncome': 5543.979702537485, 'OperatingCashFlow': 28772.19959672001, 'EPS': 1.126805812428976}"
TICK037,2024-03-31,Q,income_statement_quarterly,"{'Revenue': 26676.152673112138, 'NetIncome': 13712.85078657263, 'OperatingCashFlow': 31927.192847956823, 'EPS': 3.1798253280755238}"
TICK037,2024-06-30,Q,income_statement_quarterly,"{'Revenue': 28741.40910080154, 'NetIncome': 13184.04034427948, 'OperatingCashFlow': 23233.892466796453, 'EPS': 5.774228321454886}"
TICK037,2024-09-30,Q,income_statement_quarterly,"{'Revenue': 125685.60520024804, 'NetIncome': 2887.0232249796636, 'OperatingCashFlow': 24617.110499842693, 'EPS': 0.9853745384371206}"
TICK037,2024-12-31,Q,income_statement_quarterly,"{'Revenue': 15508.643768645434, 'NetIncome': 10512.863047322247, 'OperatingCashFlow': 19250.60131379043, 'EPS': 5.234620899428922}"
TICK038,2021-03-31,Q,income_statement_quarterly,"{'Revenue': 48708.667871225654, 'NetIncome': 5811.624689712032, 'OperatingCashFlow': 31850.385097856764, 'EPS': 3.0816554162593803}"
TICK038,2021-06-30,Q,income_statement_quarterly,"{'Revenue': 108515.78336903866, 'NetIncome': 3512.9204019377116, 'OperatingCashFlow': 14024.958903704719, 'EPS': 1.0689104510344072}"
TICK038,2021-09-30,Q,income_statement_quarterly,"{'Revenue': 136489.97451114567, 'NetIncome': 19891.09914463413, 'OperatingCashFlow': 16001.070582052913, 'EPS': 9.136841431758363}"
TICK038,2021-12-31,Q,income_statement_quarterly,"{'Revenue': 129028.16791089941, 'NetIncome': 9895.096544535814, 'OperatingCashFlow': 39354.12167746613, 'EPS': 9.261862178689697}"
TICK038,2022-03-31,Q,income_statement_quarterly,"{'Revenue': 145148.18183856946, 'NetIncome': 8653.905479792593, 'OperatingCashFlow': 21551.827226184258, 'EPS': 7.3606154885987305}"
TICK038,2022-06-30,Q,income_statement_quarterly,"{'Revenue': 15778.34150391606, 'NetIncome': 19934.14420059632, 'OperatingCashFlow': 10221.335591264506, 'EPS': 3.8085335127185407}"
TICK038,2022-09-30,Q,income_statement_quarterly,"{'Revenue': 123818.12721284827, 'NetIncome': 18199.58612629962, 'OperatingCashFlow': 17587.746075497053, 'EPS': 9.091270696080418}"
TICK038,2022-12-31,Q,income_statement_quarterly,"{'Revenue': 105646.37668284975, 'NetIncome': 7012.8930100433345, 'OperatingCashFlow': 38163.90715418694, 'EPS': 0.614131328527596}"
TICK038,2023-03-31,Q,income_statement_quarterly,"{'Revenue': 11621.995728214864, 'NetIncome': 9867.801632571034, 'OperatingCashFlow': 8948.450463486075, 'EPS': 6.26095644874664}"
TICK038,2023-06-30,Q,income_statement_quarterly,"{'Revenue': 10449.33937784432, 'NetIncome': 14519.661386336988, 'OperatingCashFlow': 29561.153318150093, 'EPS': 1.4839795209068256}"
TICK038,2023-09-30,Q,income_statement_quarterly,"{'Revenue': 131668.95004384796, 'NetIncome': 13695.524936723441, 'OperatingCashFlow': 5595.5337913975545, 'EPS': 3.4499565375933705}"
TICK038,2023-12-31,Q,income_statement_quarterly,"{'Revenue': 140521.15799753187, 'NetIncome': 1348.5644351996011, 'OperatingCashFlow': 34756.37761094359, 'EPS': 9.504502641924505}"
TICK038,2024-03-31,Q,income_statement_quarterly,"{'Revenue': 98682.21326606753, 'NetIncome': 4040.9116885579506, 'OperatingCashFlow': 25380.39322852122, 'EPS': 8.916183742068462}"
TICK038,2024-06-30,Q,income_statement_quarterly,"{'Revenue': 78367.79749763916, 'NetIncome': 7125.859003487547, 'OperatingCashFlow': 9646.41929277849, 'EPS': 7.937797518931522}"
TICK038,2024-09-30,Q,income_statement_quarterly,"{'Revenue': 113055.11965805621, 'NetIncome': 1595.8805357442204, 'OperatingCashFlow': 36496.31280037261, 'EPS': 2.4201587629711776}"
TICK038,2024-12-31,Q,income_statement_quarterly,"{'Revenue': 91727.57068816721, 'NetIncome': 17570.087261371667, 'OperatingCashFlow': 28330.45194901598, 'EPS': 4.293729166542295}"
TICK039,2021-03-31,Q,income_statement_quarterly,"{'Revenue': 58807.84686472751, 'NetIncome': 18512.335621132745, 'OperatingCashFlow': 13738.467822369645, 'EPS': 1.6467450314777672}"
TICK039,2021-06-30,Q,income_statement_quarterly,"{'Revenue': 103227.82078592817, 'NetIncome': 3077.0385239738002, 'OperatingCashFlow': 33001.11813696253, 'EPS': 3.281110863458284}"
TICK039,2021-09-30,Q,income_statement_quarterly,"{'Revenue': 117226.63684189327, 'NetIncome': 15573.004130008145, 'OperatingCashFlow': 21449.177834518803, 'EPS': 8.587121715417958}"
TICK039,2021-12-31,Q,income_statement_quarterly,"{'Revenue': 84566.28526296953, 'NetIncome': 5648.232043203348, 'OperatingCashFlow': 37198.25681667474, 'EPS': 0.869594399872526}"
TICK039,2022-03-31,Q,income_statement_quarterly,"{'Revenue': 38712.485990225236, 'NetIncome': 1275.3300524884792, 'OperatingCashFlow': 17821.59600557783, 'EPS': 4.94814768303145}"
TICK039,2022-06-30,Q,income_statement_quarterly,"{'Revenue': 122958.07282690573, 'NetIncome': 7902.501446312434, 'OperatingCashFlow': 20105.861855414172, 'EPS': 8.616850480577044}"
TICK039,2022-09-30,Q,income_statement_quarterly,"{'Revenue': 135524.517347523, 'NetIncome': 14157.922996857003, 'OperatingCashFlow': 11305.449723076996, 'EPS': 1.0632878035547817}"
TICK039,2022-12-31,Q,income_statement_quarterly,"{'Revenue': 45931.156461128165, 'NetIncome': 15136.576789080626, 'OperatingCashFlow': 32876.87804750413, 'EPS': 1.3756511381990197}"
TICK039,2023-03-31,Q,income_statement_quarterly,"{'Revenue': 56164.21674522433, 'NetIncome': 2252.9826134039226, 'OperatingCashFlow': 5703.12545211599, 'EPS': 7.606801904599076}"
TICK039,2023-06-30,Q,income_statement_quarterly,"{'Revenue': 112995.0867838319, 'NetIncome': 13981.03300012181, 'OperatingCashFlow': 2073.864403634404, 'EPS': 4.038314554384799}"
TICK039,2023-09-30,Q,income_statement_quarterly,"{'Revenue': 114669.89486121897, 'NetIncome': 11335.353325912176, 'OperatingCashFlow': 12026.143015297765, 'EPS': 9.79247114338738}"
TICK039,2023-12-31,Q,income_statement_quarterly,"{'Revenue': 76320.30698587054, 'NetIncome': 10964.583933276028, 'OperatingCashFlow': 32703.40016587469, 'EPS': 1.9723731233919757}"
TICK039,2024-03-31,Q,income_statement_quarterly,"{'Revenue': 24502.6291258825, 'NetIncome': 14667.939464386449, 'OperatingCashFlow': 34387.53987812574, 'EPS': 4.686432316871378}"
TICK039,2024-06-30,Q,income_statement_quarterly,"{'Revenue': 7448.88294944703, 'NetIncome': 715.6571740648311, 'OperatingCashFlow': 11557.693120959324, 'EPS': 3.1290452516975686}"
TICK039,2024-09-30,Q,income_statement_quarterly,"{'Revenue': 83630.25702747495, 'NetIncome': 9125.108353361857, 'OperatingCashFlow': 23270.995511800164, 'EPS': 5.02089512340628}"
TICK039,2024-12-31,Q,income_statement_quarterly,"{'Revenue': 135000.4071758684, 'NetIncome': 10074.606403729029, 'OperatingCashFlow': 6995.496172843919, 'EPS': 7.364660856150972}"
TICK040,2021-03-31,Q,income_statement_quarterly,"{'Revenue': 87759.96976887205, 'NetIncome': 3407.477000471154, 'OperatingCashFlow': 25997.421010173173, 'EPS': 4.213642307441388}"
TICK040,2021-06-30,Q,income_statement_quarterly,"{'Revenue': 123673.29640813118, 'NetIncome': 17293.925495798576, 'OperatingCashFlow': 14495.84033194093, 'EPS': 2.2532352200550974}"
TICK040,2021-09-30,Q,income_statement_quarterly,"{'Revenue': 70675.34337521788, 'NetIncome': 4983.713036212428, 'OperatingCashFlow': 15422.582353238271, 'EPS': 8.71811233665508}"
TICK040,2021-12-31,Q,income_statement_quarterly,"{'Revenue': 135317.48857059266, 'NetIncome': 19313.991479097112, 'OperatingCashFlow': 34616.922286651745, 'EPS': 6.988869774009779}"
TICK040,2022-03-31,Q,income_statement_quarterly,"{'Revenue': 104723.08027020733, 'NetIncome': 3178.8303961925617, 'OperatingCashFlow': 20032.607880907006, 'EPS': 4.596688685711489}"
TICK040,2022-06-30,Q,income_statement_quarterly,"{'Revenue': 80398.25780643348, 'NetIncome': 8542.438358663496, 'OperatingCashFlow': 6628.7654572793135, 'EPS': 8.460174947690856}"
TICK040,2022-09-30,Q,income_statement_quarterly,"{'Revenue': 148124.89295659156, 'NetIncome': 12018.31091007894, 'OperatingCashFlow': 20660.635508357223, 'EPS': 7.426811145804604}"
TICK040,2022-12-31,Q,income_statement_quarterly,"{'Revenue': 115623.35088674552, 'NetIncome': 5989.183498538939, 'OperatingCashFlow': 3215.0295634344566, 'EPS': 9.835748939883318}"
TICK040,2023-03-31,Q,income_statement_quarterly,"{'Revenue': 30947.28735814559, 'NetIncome': 10013.924240837976, 'OperatingCashFlow': 30239.168690190338, 'EPS': 6.728128948015016}"
TICK040,2023-06-30,Q,income_statement_quarterly,"{'Revenue': 75124.12124245809, 'NetIncome': 13667.201517679365, 'OperatingCashFlow': 15129.506396979094, 'EPS': 5.293446970174588}"
TICK040,2023-09-30,Q,income_statement_quarterly,"{'Revenue': 61440.82254484742, 'NetIncome': 9076.360037447033, 'OperatingCashFlow': 4122.723841911024, 'EPS': 6.604965821343645}"
TICK040,2023-12-31,Q,income_statement_quarterly,"{'Revenue': 23759.02054992931, 'NetIncome': 9577.341126445412, 'OperatingCashFlow': 22811.907785108146, 'EPS': 7.83603846626218}"
TICK040,2024-03-31,Q,income_statement_quarterly,"{'Revenue': 55426.653245415764, 'NetIncome': 8606.80854305865, 'OperatingCashFlow': 23787.85487504362, 'EPS': 5.914641489183602}"
TICK040,2024-06-30,Q,income_statement_quarterly,"{'Revenue': 102529.96856783394, 'NetIncome': 903.163937828616, 'OperatingCashFlow': 35248.06798350377, 'EPS': 9.522306434572965}"
TICK040,2024-09-30,Q,income_statement_quarterly,"{'Revenue': 65643.67774046288, 'NetIncome': 9678.11127331027, 'OperatingCashFlow': 13155.552345722157, 'EPS': 3.8396053482834946}"
TICK040,2024-12-31,Q,income_statement_quarterly,"{'Revenue': 139323.24536554457, 'NetIncome': 7702.18610763821, 'OperatingCashFlow': 10678.858234663589, 'EPS': 2.318995995952002}"
TICK041,2021-03-31,Q,income_statement_quarterly,"{'Revenue': 142366.5113330602, 'NetIncome': 7630.820855543729, 'OperatingCashFlow': 39155.89673785667, 'EPS': 8.746793509197637}"
TICK041,2021-06-30,Q,income_statement_quarterly,"{'Revenue': 52135.03382185306, 'NetIncome': 13392.667079218043, 'OperatingCashFlow': 33451.34732880125, 'EPS': 1.2637103969222485}"
TICK041,2021-09-30,Q,income_statement_quarterly,"{'Revenue': 62439.51232984152, 'NetIncome': 19046.609682847695, 'OperatingCashFlow': 4445.75344958399, 'EPS': 9.070815381962756}"
TICK041,2021-12-31,Q,income_statement_quarterly,"{'Revenue': 44370.972735386145, 'NetIncome': 11472.132884909941, 'OperatingCashFlow': 33788.52000379729, 'EPS': 0.5916781217312325}"
TICK041,2022-03-31,Q,income_statement_quarterly,"{'Revenue': 121033.90596855641, 'NetIncome': 8023.583551763631, 'OperatingCashFlow': 29368.82108515146, 'EPS': 3.1608937056264}"
TICK041,2022-06-30,Q,income_statement_quarterly,"{'Revenue': 90128.52827355453, 'NetIncome': 9026.722278251798, 'OperatingCashFlow': 6602.52839321101, 'EPS': 1.1409190803658615}"
TICK041,2022-09-30,Q,income_statement_quarterly,"{'Revenue': 53488.94954159702, 'NetIncome': 4849.300977185789, 'OperatingCashFlow': 39191.50548922995, 'EPS': 6.635093604545319}"
TICK041,2022-12-31,Q,income_statement_quarterly,"{'Revenue': 147252.52915935806, 'NetIncome': 8121.271564882286, 'OperatingCashFlow': 39513.84392113052, 'EPS': 7.369492005151806}"
TICK041,2023-03-31,Q,income_statement_quarterly,"{'Revenue': 38021.19686210472, 'NetIncome': 1294.0094292008562, 'OperatingCashFlow': 10327.987175105516, 'EPS': 7.155309322900493}"
TICK041,2023-06-30,Q,income_statement_quarterly,"{'Revenue': 122887.71352843128, 'NetIncome': 6553.878256696383, 'OperatingCashFlow': 30134.819538102445, 'EPS': 8.77786174526421}"
TICK041,2023-09-30,Q,income_statement_quarterly,"{'Revenue': 26420.620994208148, 'NetIncome': 9663.825179190237, 'OperatingCashFlow': 13435.885764298666, 'EPS': 5.031146688197467}"
TICK041,2023-12-31,Q,income_statement_quarterly,"{'Revenue': 70506.12713827775, 'NetIncome': 1016.5873071597775, 'OperatingCashFlow': 37874.976771527115, 'EPS': 1.297044624366205}"
TICK041,2024-03-31,Q,income_statement_quarterly,"{'Revenue': 6729.1884190005, 'NetIncome': 8940.131064909378, 'OperatingCashFlow': 20889.441473812374, 'EPS': 4.978535343863169}"
TICK041,2024-06-30,Q,income_statement_quarterly,"{'Revenue': 73146.09265609867, 'NetIncome': 1054.0474101471757, 'OperatingCashFlow': 37934.51667785236, 'EPS': 7.597722438518082}"
TICK041,2024-09-30,Q,income_statement_quarterly,"{'Revenue': 124809.47932839121, 'NetIncome': 18288.57917672018, 'OperatingCashFlow': 14641.273307451747, 'EPS': 9.888010160473065}"
TICK041,2024-12-31,Q,income_statement_quarterly,"{'Revenue': 15292.250472983447, 'NetIncome': 10104.650506407295, 'OperatingCashFlow': 29109.015671647787, 'EPS': 8.658571025978317}"
TICK042,2021-03-31,Q,income_statement_quarterly,"{'Revenue': 98506.82527722047, 'NetIncome': 4933.538149428274, 'OperatingCashFlow': 16221.322111884774, 'EPS': 7.5351492873124375}"
TICK042,2021-06-30,Q,income_statement_quarterly,"{'Revenue': 58991.36082219104, 'NetIncome': 14036.986869993452, 'OperatingCashFlow': 5786.680657792309, 'EPS': 2.8902846856387483}"
TICK042,2021-09-30,Q,income_statement_quarterly,"{'Revenue': 60775.02395673624, 'NetIncome': 17177.27407924342, 'OperatingCashFlow': 36924.94046418956, 'EPS': 5.765284756254745}"
TICK042,2021-12-31,Q,income_statement_quarterly,"{'Revenue': 64519.63347238037, 'NetIncome': 14949.167963143458, 'OperatingCashFlow': 19347.536132050063, 'EPS': 0.6195768733270066}"
TICK042,2022-03-31,Q,income_statement_quarterly,"{'Revenue': 127281.97245184542, 'NetIncome': 4910.707111265579, 'OperatingCashFlow': 4668.075431628292, 'EPS': 2.522596948894653}"
TICK042,2022-06-30,Q,income_statement_quarterly,"{'Revenue': 72935.19714174468, 'NetIncome': 16982.08021743483, 'OperatingCashFlow': 21688.547860802275, 'EPS': 4.299821405978049}"
TICK042,2022-09-30,Q,income_statement_quarterly,"{'Revenue': 10350.623320943063, 'NetIncome': 15240.916891079642, 'OperatingCashFlow': 37073.18510265424, 'EPS': 6.9892171570747745}"
TICK042,2022-12-31,Q,income_statement_quarterly,"{'Revenue': 109366.72859054152, 'NetIncome': 19249.505365570294, 'OperatingCashFlow': 36606.18747513781, 'EPS': 6.685865154583427}"
TICK042,2023-03-31,Q,income_statement_quarterly,"{'Revenue': 59554.7188399797, 'NetIncome': 19124.33369684405, 'OperatingCashFlow': 12699.557786026688, 'EPS': 7.497826625946451}"
TICK042,2023-06-30,Q,income_statement_quarterly,"{'Revenue': 121661.16583062169, 'NetIncome': 15033.833205065064, 'OperatingCashFlow': 30249.114976534573, 'EPS': 0.6699736805844371}"
TICK042,2023-09-30,Q,income_statement_quarterly,"{'Revenue': 49364.86781536111, 'NetIncome': 18638.966828432567, 'OperatingCashFlow': 15943.22895718897, 'EPS': 7.383791349949691}"
TICK042,2023-12-31,Q,income_statement_quarterly,"{'Revenue': 8771.396498914008, 'NetIncome': 6350.420341265772, 'OperatingCashFlow': 26076.12175809736, 'EPS': 1.5993555015258196}"
TICK042,2024-03-31,Q,income_statement_quarterly,"{'Revenue': 73871.12431828002, 'NetIncome': 7744.071118255136, 'OperatingCashFlow': 29809.28736746287, 'EPS': 0.8430529405948588}"
TICK042,2024-06-30,Q,income_statement_quarterly,"{'Revenue': 140010.72946357366, 'NetIncome': 6584.953133975633, 'OperatingCashFlow': 32680.07221593937, 'EPS': 8.088118420754181}"
TICK042,2024-09-30,Q,income_statement_quarterly,"{'Revenue': 25233.016800795394, 'NetIncome': 16686.03521012848, 'OperatingCashFlow': 27638.708618925313, 'EPS': 8.918409903733133}"
TICK042,2024-12-31,Q,income_statement_quarterly,"{'Revenue': 6987.811506912447, 'NetIncome': 15423.377798800135, 'OperatingCashFlow': 25479.831006246768, 'EPS': 8.000465130749102}"
TICK043,2021-03-31,Q,income_statement_quarterly,"{'Revenue': 82435.58329123976, 'NetIncome': 13114.62837426557, 'OperatingCashFlow': 17975.481946822012, 'EPS': 1.5660362187575072}"
TICK043,2021-06-30,Q,income_statement_quarterly,"{'Revenue': 124777.00826430047, 'NetIncome': 19079.6481839446, 'OperatingCashFlow': 23473.675208038738, 'EPS': 6.924143184838877}"
TICK043,2021-09-30,Q,income_statement_quarterly,"{'Revenue': 85286.93059923625, 'NetIncome': 19629.698082929557, 'OperatingCashFlow': 8523.872455102075, 'EPS': 2.458549916953319}"
TICK043,2021-12-31,Q,income_statement_quarterly,"{'Revenue': 108268.11337466638, 'NetIncome': 6119.238943774799, 'OperatingCashFlow': 26902.144017759238, 'EPS': 5.642382618561297}"
TICK043,2022-03-31,Q,income_statement_quarterly,"{'Revenue': 115225.19238417919, 'NetIncome': 15634.88898569924, 'OperatingCashFlow': 28913.921495119288, 'EPS': 4.324374221603312}"
TICK043,2022-06-30,Q,income_statement_quarterly,"{'Revenue': 25404.846533658696, 'NetIncome': 11973.911308421837, 'OperatingCashFlow': 20924.630126202344, 'EPS': 6.87139720911414}"
TICK043,2022-09-30,Q,income_statement_quarterly,"{'Revenue': 48025.67480417111, 'NetIncome': 5946.183312644005, 'OperatingCashFlow': 16359.82746517109, 'EPS': 2.43194826808842}"
TICK043,2022-12-31,Q,income_statement_quarterly,"{'Revenue': 31084.539888349227, 'NetIncome': 921.4041038717284, 'OperatingCashFlow': 10121.161121277242, 'EPS': 8.906770204850623}"
TICK043,2023-03-31,Q,income_statement_quarterly,"{'Revenue': 109857.67230798485, 'NetIncome': 12352.525457661013, 'OperatingCashFlow': 5818.562242161539, 'EPS': 7.151657575755672}"
TICK043,2023-06-30,Q,income_statement_quarterly,"{'Revenue': 79714.9558325689, 'NetIncome': 15338.04675954776, 'OperatingCashFlow': 5281.191329760135, 'EPS': 6.9937433639510225}"
TICK043,2023-09-30,Q,income_statement_quarterly,"{'Revenue': 109781.16459905557, 'NetIncome': 2545.1605483688536, 'OperatingCashFlow': 11752.652039916147, 'EPS': 3.218301379339739}"
TICK043,2023-12-31,Q,income_statement_quarterly,"{'Revenue': 109523.78745014564, 'NetIncome': 17280.64036581129, 'OperatingCashFlow': 6294.074355535256, 'EPS': 0.9464659234357333}"
TICK043,2024-03-31,Q,income_statement_quarterly,"{'Revenue': 67741.29309728467, 'NetIncome': 3503.712273134956, 'OperatingCashFlow': 38631.35770722522, 'EPS': 5.230567372972511}"
TICK043,2024-06-30,Q,income_statement_quarterly,"{'Revenue': 38404.167644969544, 'NetIncome': 1974.8006863689259, 'OperatingCashFlow': 19378.564683736302, 'EPS': 6.17815990230989}"
TICK043,2024-09-30,Q,income_statement_quarterly,"{'Revenue': 115740.04576181629, 'NetIncome': 9229.530929750907, 'OperatingCashFlow': 26123.184856082233, 'EPS': 1.7732807016958496}"
TICK043,2024-12-31,Q,income_statement_quarterly,"{'Revenue': 15656.266772410385, 'NetIncome': 4913.236395620762, 'OperatingCashFlow': 3683.272920680076, 'EPS': 2.6120252759742906}"
TICK044,2021-03-31,Q,income_statement_quarterly,"{'Revenue': 116666.4426779746, 'NetIncome': 19920.396695258907, 'OperatingCashFlow': 35760.864833026084, 'EPS': 3.4545708212792503}"
TICK044,2021-06-30,Q,income_statement_quarterly,"{'Revenue': 39699.303374451694, 'NetIncome': 1683.350600080577, 'OperatingCashFlow': 38967.62740414772, 'EPS': 1.369823940981851}"
TICK044,2021-09-30,Q,income_statement_quarterly,"{'Revenue': 142719.2197067283, 'NetIncome': 2066.4153519175215, 'OperatingCashFlow': 13012.700049427143, 'EPS': 5.434208284146554}"
TICK044,2021-12-31,Q,income_statement_quarterly,"{'Revenue': 15371.478392576786, 'NetIncome': 13557.64493122348, 'OperatingCashFlow': 25417.103952790916, 'EPS': 1.6753585445930743}"
TICK044,2022-03-31,Q,income_statement_quarterly,"{'Revenue': 146623.30847369973, 'NetIncome': 16119.938848733724, 'OperatingCashFlow': 15561.303174179817, 'EPS': 1.9583513904623115}"
TICK044,2022-06-30,Q,income_statement_quarterly,"{'Revenue': 116687.7360026649, 'NetIncome': 11565.688482441046, 'OperatingCashFlow': 22377.92400463905, 'EPS': 1.9699474580122889}"
TICK044,2022-09-30,Q,income_statement_quarterly,"{'Revenue': 19825.24955631129, 'NetIncome': 15743.91185731295, 'OperatingCashFlow': 27146.313233297176, 'EPS': 5.47652725106429}"
TICK044,2022-12-31,Q,income_statement_quarterly,"{'Revenue': 37304.5423454995, 'NetIncome': 10563.192848692312, 'OperatingCashFlow': 18001.59523660619, 'EPS': 1.7775386266409867}"
TICK044,2023-03-31,Q,income_statement_quarterly,"{'Revenue': 136396.18748828254, 'NetIncome': 15222.11126789285, 'OperatingCashFlow': 14499.356112649595, 'EPS': 9.240170339555979}"
TICK044,2023-06-30,Q,income_statement_quarterly,"{'Revenue': 50052.29480811049, 'NetIncome': 8088.716126426842, 'OperatingCashFlow': 35548.46398580576, 'EPS': 3.1382342340811205}"
TICK044,2023-09-30,Q,income_statement_quarterly,"{'Revenue': 27566.733256465242, 'NetIncome': 4084.092597209204, 'OperatingCashFlow': 30399.575438096002, 'EPS': 5.863834010474595}"
TICK044,2023-12-31,Q,income_statement_quarterly,"{'Revenue': 12551.5868084949, 'NetIncome': 16203.151426241084, 'OperatingCashFlow': 21863.295315083633, 'EPS': 3.0776194880708085}"
TICK044,2024-03-31,Q,income_statement_quarterly,"{'Revenue': 111821.2218241841, 'NetIncome': 1533.9032217863366, 'OperatingCashFlow': 30423.14971389102, 'EPS': 1.3222072197817158}"
TICK044,2024-06-30,Q,income_statement_quarterly,"{'Revenue': 118235.29594146735, 'NetIncome': 10765.001630526805, 'OperatingCashFlow': 11318.474071028966, 'EPS': 9.77041824332662}"
TICK044,2024-09-30,Q,income_statement_quarterly,"{'Revenue': 54111.16273583687, 'NetIncome': 6998.975680667688, 'OperatingCashFlow': 31602.54207397627, 'EPS': 6.807026098888199}"
TICK044,2024-12-31,Q,income_statement_quarterly,"{'Revenue': 73483.67469156727, 'NetIncome': 17694.93998113466, 'OperatingCashFlow': 10603.426392127718, 'EPS': 0.7453337598427399}"
TICK045,2021-03-31,Q,income_statement_quarterly,"{'Revenue': 55954.206061926256, 'NetIncome': 9961.938614810164, 'OperatingCashFlow': 7783.4778705840135, 'EPS': 8.074691232483065}"
TICK045,2021-06-30,Q,income_statement_quarterly,"{'Revenue': 94212.68052906569, 'NetIncome': 19138.05631899875, 'OperatingCashFlow': 16166.035998583877, 'EPS': 6.540570571868504}"
TICK045,2021-09-30,Q,income_statement_quarterly,"{'Revenue': 88265.00681387025, 'NetIncome': 5198.86068081029, 'OperatingCashFlow': 31580.088227514134, 'EPS': 7.077971135383265}"
TICK045,2021-12-31,Q,income_statement_quarterly,"{'Revenue': 77645.5862362417, 'NetIncome': 6757.052631018832, 'OperatingCashFlow': 22767.942897884426, 'EPS': 9.413547699743368}"
TICK045,2022-03-31,Q,income_statement_quarterly,"{'Revenue': 87152.14987620185, 'NetIncome': 17889.602134065193, 'OperatingCashFlow': 2148.017857239686, 'EPS': 8.995397793344765}"
TICK045,2022-06-30,Q,income_statement_quarterly,"{'Revenue': 74234.0176871197, 'NetIncome': 19101.580211368673, 'OperatingCashFlow': 36344.111859411285, 'EPS': 5.275892660307491}"
TICK045,2022-09-30,Q,income_statement_quarterly,"{'Revenue': 30421.46912217879, 'NetIncome': 10906.064031030815, 'OperatingCashFlow': 23585.406017535497, 'EPS': 2.364361536138518}"
TICK045,2022-12-31,Q,income_statement_quarterly,"{'Revenue': 144077.65970706343, 'NetIncome': 16322.099679345181, 'OperatingCashFlow': 31286.274952046577, 'EPS': 7.729899837672259}"
TICK045,2023-03-31,Q,income_statement_quarterly,"{'Revenue': 28756.539191937525, 'NetIncome': 13467.189103530867, 'OperatingCashFlow': 32827.952903359335, 'EPS': 3.9380455948929534}"
TICK045,2023-06-30,Q,income_statement_quarterly,"{'Revenue': 81807.60987881613, 'NetIncome': 5138.561083380174, 'OperatingCashFlow': 4495.843266467005, 'EPS': 7.277691091778562}"
TICK045,2023-09-30,Q,income_statement_quarterly,"{'Revenue': 47274.238869080094, 'NetIncome': 13913.178159144003, 'OperatingCashFlow': 32224.13000330794, 'EPS': 5.298096859024089}"
TICK045,2023-12-31,Q,income_statement_quarterly,"{'Revenue': 10309.14757460041, 'NetIncome': 7408.3011452248975, 'OperatingCashFlow': 30959.216803258154, 'EPS': 8.13462820057803}"
TICK045,2024-03-31,Q,income_statement_quarterly,"{'Revenue': 24006.054437288367, 'NetIncome': 4718.056486733361, 'OperatingCashFlow': 20850.059834842083, 'EPS': 1.5460224759924412}"
TICK045,2024-06-30,Q,income_statement_quarterly,"{'Revenue': 78608.46297935574, 'NetIncome': 13458.426224747189, 'OperatingCashFlow': 20489.095846722088, 'EPS': 3.3237211650009444}"
TICK045,2024-09-30,Q,income_statement_quarterly,"{'Revenue': 34367.48030191738, 'NetIncome': 1946.8221743220245, 'OperatingCashFlow': 20130.720304663642, 'EPS': 7.784316115153202}"
TICK045,2024-12-31,Q,income_statement_quarterly,"{'Revenue': 22277.61092598567, 'NetIncome': 5497.635790257478, 'OperatingCashFlow': 11223.400541328714, 'EPS': 2.9513677907737517}"
TICK046,2021-03-31,Q,income_statement_quarterly,"{'Revenue': 140323.7135458217, 'NetIncome': 5819.35336418914, 'OperatingCashFlow': 8333.940086348877, 'EPS': 5.228189060924572}"
TICK046,2021-06-30,Q,income_statement_quarterly,"{'Revenue': 99408.9176345309, 'NetIncome': 8593.752783743652, 'OperatingCashFlow': 3603.5519141532977, 'EPS': 6.1928497892847005}"
TICK046,2021-09-30,Q,income_statement_quarterly,"{'Revenue': 51686.98320574589, 'NetIncome': 1683.8503487979892, 'OperatingCashFlow': 36584.63881178263, 'EPS': 1.5559833529941856}"
TICK046,2021-12-31,Q,income_statement_quarterly,"{'Revenue': 88856.33227194073, 'NetIncome': 7409.890690511235, 'OperatingCashFlow': 39200.62403515942, 'EPS': 7.2412439515633364}"
TICK046,2022-03-31,Q,income_statement_quarterly,"{'Revenue': 44406.125233459104, 'NetIncome': 4135.369038761798, 'OperatingCashFlow': 3311.21874763918, 'EPS': 4.196285811822654}"
TICK046,2022-06-30,Q,income_statement_quarterly,"{'Revenue': 117400.93316095434, 'NetIncome': 6140.868859728391, 'OperatingCashFlow': 14103.81584140186, 'EPS': 3.556705585320454}"
TICK046,2022-09-30,Q,income_statement_quarterly,"{'Revenue': 106224.17166540588, 'NetIncome': 3190.7609021386565, 'OperatingCashFlow': 23204.370774593746, 'EPS': 7.854567584421611}"
TICK046,2022-12-31,Q,income_statement_quarterly,"{'Revenue': 144277.83679096997, 'NetIncome': 4386.725265870613, 'OperatingCashFlow': 10165.762910451538, 'EPS': 3.1035005717313826}"
TICK046,2023-03-31,Q,income_statement_quarterly,"{'Revenue': 54069.255615818234, 'NetIncome': 12491.123065916881, 'OperatingCashFlow': 18411.833481141366, 'EPS': 9.315667321390512}"
TICK046,2023-06-30,Q,income_statement_quarterly,"{'Revenue': 33409.94894125045, 'NetIncome': 1766.1154076299765, 'OperatingCashFlow': 28093.09371647683, 'EPS': 5.755452292021074}"
TICK046,2023-09-30,Q,income_statement_quarterly,"{'Revenue': 22417.486677820012, 'NetIncome': 16737.657747425204, 'OperatingCashFlow': 24781.29649012432, 'EPS': 2.89575062072665}"
TICK046,2023-12-31,Q,income_statement_quarterly,"{'Revenue': 39189.00705435299, 'NetIncome': 18774.11028678919, 'OperatingCashFlow': 15578.250243363696, 'EPS': 5.8778896590218}"
TICK046,2024-03-31,Q,income_statement_quarterly,"{'Revenue': 146760.45523521194, 'NetIncome': 16440.483176108355, 'OperatingCashFlow': 29663.40387665634, 'EPS': 9.046428177053448}"
TICK046,2024-06-30,Q,income_statement_quarterly,"{'Revenue': 51931.29008285246, 'NetIncome': 11648.024737543374, 'OperatingCashFlow': 12281.141583647006, 'EPS': 7.113913324998526}"
TICK046,2024-09-30,Q,income_statement_quarterly,"{'Revenue': 136142.41140529673, 'NetIncome': 15355.865956308297, 'OperatingCashFlow': 35452.10554875332, 'EPS': 7.917292783585388}"
TICK046,2024-12-31,Q,income_statement_quarterly,"{'Revenue': 83996.90610162985, 'NetIncome': 18814.077070034316, 'OperatingCashFlow': 5181.097810068743, 'EPS': 2.4090391694016065}"
TICK047,2021-03-31,Q,income_statement_quarterly,"{'Revenue': 69795.57526813436, 'NetIncome': 14731.778191745638, 'OperatingCashFlow': 5142.327027061323, 'EPS': 4.830504826623411}"
TICK047,2021-06-30,Q,income_statement_quarterly,"{'Revenue': 118479.39027064362, 'NetIncome': 3394.240323154514, 'OperatingCashFlow': 6008.045256151083, 'EPS': 4.3778418441426385}"
TICK047,2021-09-30,Q,income_statement_quarterly,"{'Revenue': 13314.53570476811, 'NetIncome': 16473.036603510685, 'OperatingCashFlow': 29720.742612612412, 'EPS': 7.3966349533605635}"
TICK047,2021-12-31,Q,income_statement_quarterly,"{'Revenue': 45800.47445629996, 'NetIncome': 18799.23477494393, 'OperatingCashFlow': 22463.87895734648, 'EPS': 5.090046812181754}"
TICK047,2022-03-31,Q,income_statement_quarterly,"{'Revenue': 81151.90060207224, 'NetIncome': 16346.986089735523, 'OperatingCashFlow': 20540.849045094285, 'EPS': 9.436544214520831}"
TICK047,2022-06-30,Q,income_statement_quarterly,"{'Revenue': 88959.05643347382, 'NetIncome': 962.9477645679849, 'OperatingCashFlow': 27670.940420023948, 'EPS': 6.470394964069936}"
TICK047,2022-09-30,Q,income_statement_quarterly,"{'Revenue': 113364.80762863494, 'NetIncome': 10854.08262488748, 'OperatingCashFlow': 24695.592522570198, 'EPS': 2.372503339865065}"
TICK047,2022-12-31,Q,income_statement_quarterly,"{'Revenue': 30644.345338416257, 'NetIncome': 6650.550300166693, 'OperatingCashFlow': 14063.471972272728, 'EPS': 1.379004519016977}"
TICK047,2023-03-31,Q,income_statement_quarterly,"{'Revenue': 21802.126102512386, 'NetIncome': 19067.40202171193, 'OperatingCashFlow': 2975.0907394740484, 'EPS': 4.54655694621638}"
TICK047,2023-06-30,Q,income_statement_quarterly,"{'Revenue': 107143.01178267368, 'NetIncome': 18211.279627610602, 'OperatingCashFlow': 35535.023424834384, 'EPS': 9.590989871294692}"
TICK047,2023-09-30,Q,income_statement_quarterly,"{'Revenue': 104939.60773996216, 'NetIncome': 10409.786182233012, 'OperatingCashFlow': 16579.82416815539, 'EPS': 1.4117544407030165}"
TICK047,2023-12-31,Q,income_statement_quarterly,"{'Revenue': 127586.27747010771, 'NetIncome': 8334.685791696827, 'OperatingCashFlow': 12132.626051592262, 'EPS': 6.550588425595101}"
TICK047,2024-03-31,Q,income_statement_quarterly,"{'Revenue': 125834.58204604223, 'NetIncome': 1783.0851007536824, 'OperatingCashFlow': 29537.45189230372, 'EPS': 1.7723564153271962}"
TICK047,2024-06-30,Q,income_statement_quarterly,"{'Revenue': 57509.98976353254, 'NetIncome': 1103.0389264083199, 'OperatingCashFlow': 27398.127238430792, 'EPS': 1.4748560701589528}"
TICK047,2024-09-30,Q,income_statement_quarterly,"{'Revenue': 12392.330194856062, 'NetIncome': 14576.943973232253, 'OperatingCashFlow': 18541.8715768476, 'EPS': 3.542041043470928}"
TICK047,2024-12-31,Q,income_statement_quarterly,"{'Revenue': 102907.01131595795, 'NetIncome': 17907.566696337377, 'OperatingCashFlow': 20472.735004134054, 'EPS': 3.8287230480724475}"
TICK048,2021-03-31,Q,income_statement_quarterly,"{'Revenue': 111662.25506652014, 'NetIncome': 6100.034872432834, 'OperatingCashFlow': 24644.72517198045, 'EPS': 5.688292008866518}"
TICK048,2021-06-30,Q,income_statement_quarterly,"{'Revenue': 47424.06297599906, 'NetIncome': 5670.596506770902, 'OperatingCashFlow': 22787.948501201132, 'EPS': 3.2153785078539627}"
TICK048,2021-09-30,Q,income_statement_quarterly,"{'Revenue': 32955.37523644787, 'NetIncome': 7299.169205287386, 'OperatingCashFlow': 30931.31857741129, 'EPS': 3.654516830548591}"
TICK048,2021-12-31,Q,income_statement_quarterly,"{'Revenue': 120207.12114696104, 'NetIncome': 4724.975870197005, 'OperatingCashFlow': 22312.354234502083, 'EPS': 5.16434981635886}"
TICK048,2022-03-31,Q,income_statement_quarterly,"{'Revenue': 38752.87358560419, 'NetIncome': 7831.555668325179, 'OperatingCashFlow': 8088.57392124087, 'EPS': 7.968083434075265}"
TICK048,2022-06-30,Q,income_statement_quarterly,"{'Revenue': 132207.64108724328, 'NetIncome': 18506.277730851758, 'OperatingCashFlow': 37286.015756812354, 'EPS': 7.48824872360367}"
TICK048,2022-09-30,Q,income_statement_quarterly,"{'Revenue': 86144.68548222855, 'NetIncome': 15674.926595800733, 'OperatingCashFlow': 31525.98367886578, 'EPS': 0.5805271191370212}"
TICK048,2022-12-31,Q,income_statement_quarterly,"{'Revenue': 113345.46188224749, 'NetIncome': 1564.7479562931653, 'OperatingCashFlow': 15936.562234248804, 'EPS': 1.095743396791228}"
TICK048,2023-03-31,Q,income_statement_quarterly,"{'Revenue': 19708.125921305626, 'NetIncome': 4848.973829827721, 'OperatingCashFlow': 4772.86173074261, 'EPS': 3.2305690849731397}"
TICK048,2023-06-30,Q,income_statement_quarterly,"{'Revenue': 20995.429262827536, 'NetIncome': 18722.675838971194, 'OperatingCashFlow': 26345.788070791205, 'EPS': 2.4995430782500283}"
TICK048,2023-09-30,Q,income_statement_quarterly,"{'Revenue': 89357.241539918, 'NetIncome': 8553.968325419602, 'OperatingCashFlow': 9194.431507076028, 'EPS': 3.343258637395854}"
TICK048,2023-12-31,Q,income_statement_quarterly,"{'Revenue': 22645.153862017232, 'NetIncome': 3469.5846063816352, 'OperatingCashFlow': 22711.428334179836, 'EPS': 1.9677949124374}"
TICK048,2024-03-31,Q,income_statement_quarterly,"{'Revenue': 10320.149338926993, 'NetIncome': 9504.660919369857, 'OperatingCashFlow': 20876.55755531542, 'EPS': 5.236841643360951}"
TICK048,2024-06-30,Q,income_statement_quarterly,"{'Revenue': 50930.983780000286, 'NetIncome': 3476.3206812912463, 'OperatingCashFlow': 6636.29869416764, 'EPS': 9.54751003297983}"
TICK048,2024-09-30,Q,income_statement_quarterly,"{'Revenue': 12392.761777850235, 'NetIncome': 4754.3624101925825, 'OperatingCashFlow': 31013.478000223447, 'EPS': 6.229057910307862}"
TICK048,2024-12-31,Q,income_statement_quarterly,"{'Revenue': 122425.22008932731, 'NetIncome': 19916.188568293994, 'OperatingCashFlow': 24958.294222839908, 'EPS': 4.509288594495761}"
TICK049,2021-03-31,Q,income_statement_quarterly,"{'Revenue': 39031.78404490691, 'NetIncome': 19245.52349278683, 'OperatingCashFlow': 3632.646666030603, 'EPS': 4.876063818965218}"
TICK049,2021-06-30,Q,income_statement_quarterly,"{'Revenue': 92894.08730287648, 'NetIncome': 14091.616226283011, 'OperatingCashFlow': 36152.70737266647, 'EPS': 7.741580862007636}"
TICK049,2021-09-30,Q,income_statement_quarterly,"{'Revenue': 73599.68675234052, 'NetIncome': 15401.510602030685, 'OperatingCashFlow': 17707.31407270585, 'EPS': 4.909731369002609}"
TICK049,2021-12-31,Q,income_statement_quarterly,"{'Revenue': 16860.367730406135, 'NetIncome': 11026.361182758637, 'OperatingCashFlow': 2946.437148486636, 'EPS': 2.6569805743008468}"
TICK049,2022-03-31,Q,income_statement_quarterly,"{'Revenue': 41242.97340278617, 'NetIncome': 19498.18828344535, 'OperatingCashFlow': 13530.485337045418, 'EPS': 5.447461738533919}"
TICK049,2022-06-30,Q,income_statement_quarterly,"{'Revenue': 103713.56770598916, 'NetIncome': 13387.857370132204, 'OperatingCashFlow': 39739.784419762516, 'EPS': 9.489580935309661}"
TICK049,2022-09-30,Q,income_statement_quarterly,"{'Revenue': 64118.483692977585, 'NetIncome': 19677.183536542623, 'OperatingCashFlow': 7206.247032729938, 'EPS': 5.583667630647442}"
TICK049,2022-12-31,Q,income_statement_quarterly,"{'Revenue': 55983.54696872367, 'NetIncome': 1196.8719515856455, 'OperatingCashFlow': 30281.886705855093, 'EPS': 7.4944367346456655}"
TICK049,2023-03-31,Q,income_statement_quarterly,"{'Revenue': 139707.7614437769, 'NetIncome': 7357.141288594447, 'OperatingCashFlow': 8551.839261865132, 'EPS': 7.393200802013012}"
TICK049,2023-06-30,Q,income_statement_quarterly,"{'Revenue': 53057.93653883229, 'NetIncome': 13840.137964746431, 'OperatingCashFlow': 6967.950020160863, 'EPS': 2.159183535754238}"
TICK049,2023-09-30,Q,income_statement_quarterly,"{'Revenue': 63018.28502340335, 'NetIncome': 5100.810506212352, 'OperatingCashFlow': 8932.934758053763, 'EPS': 1.1583370060763687}"
TICK049,2023-12-31,Q,income_statement_quarterly,"{'Revenue': 89112.72967808132, 'NetIncome': 7183.254639667484, 'OperatingCashFlow': 3087.321741606326, 'EPS': 6.0213132219108925}"
TICK049,2024-03-31,Q,income_statement_quarterly,"{'Revenue': 7686.602775480351, 'NetIncome': 4150.4002337958145, 'OperatingCashFlow': 15811.154525116304, 'EPS': 6.4072126048302644}"
TICK049,2024-06-30,Q,income_statement_quarterly,"{'Revenue': 71797.28891301293, 'NetIncome': 9364.550615133117, 'OperatingCashFlow': 8003.23448721389, 'EPS': 3.675045917979773}"
TICK049,2024-09-30,Q,income_statement_quarterly,"{'Revenue': 91571.5608707437, 'NetIncome': 9962.28130802245, 'OperatingCashFlow': 30230.29064004597, 'EPS': 4.408961588478846}"
TICK049,2024-12-31,Q,income_statement_quarterly,"{'Revenue': 107750.24322462318, 'NetIncome': 1390.5177010173556, 'OperatingCashFlow': 39574.01243658551, 'EPS': 6.921359000920709}"
TICK050,2021-03-31,Q,income_statement_quarterly,"{'Revenue': 133351.63553731304, 'NetIncome': 17682.028371732755, 'OperatingCashFlow': 3166.2378389335445, 'EPS': 8.712874441679016}"
TICK050,2021-06-30,Q,income_statement_quarterly,"{'Revenue': 38811.080443063765, 'NetIncome': 13082.293314429511, 'OperatingCashFlow': 38791.259063737256, 'EPS': 7.937786658114335}"
TICK050,2021-09-30,Q,income_statement_quarterly,"{'Revenue': 91382.32669780473, 'NetIncome': 6680.747173486956, 'OperatingCashFlow': 27778.905874583612, 'EPS': 7.379896932987203}"
TICK050,2021-12-31,Q,income_statement_quarterly,"{'Revenue': 89752.65259018265, 'NetIncome': 7790.74277109972, 'OperatingCashFlow': 36336.441024745385, 'EPS': 3.317362535332126}"
TICK050,2022-03-31,Q,income_statement_quarterly,"{'Revenue': 6719.816953604641, 'NetIncome': 5820.411904631202, 'OperatingCashFlow': 35176.726883860014, 'EPS': 4.005092055457337}"
TICK050,2022-06-30,Q,income_statement_quarterly,"{'Revenue': 27218.976074742724, 'NetIncome': 4597.210196935072, 'OperatingCashFlow': 8170.215404146728, 'EPS': 5.306310792744125}"
TICK050,2022-09-30,Q,income_statement_quarterly,"{'Revenue': 7010.161893734573, 'NetIncome': 9452.379926722897, 'OperatingCashFlow': 16259.116437074868, 'EPS': 6.092487094530442}"
TICK050,2022-12-31,Q,income_statement_quarterly,"{'Revenue': 43339.303292032026, 'NetIncome': 5619.832441335404, 'OperatingCashFlow': 19505.465113580758, 'EPS': 3.4803105871056768}"
TICK050,2023-03-31,Q,income_statement_quarterly,"{'Revenue': 86618.64876865732, 'NetIncome': 9790.043989373258, 'OperatingCashFlow': 13362.02351057788, 'EPS': 6.925660248988694}"
TICK050,2023-06-30,Q,income_statement_quarterly,"{'Revenue': 45821.0450093813, 'NetIncome': 2592.6265378166495, 'OperatingCashFlow': 4413.381381144952, 'EPS': 8.179112697134356}"
TICK050,2023-09-30,Q,income_statement_quarterly,"{'Revenue': 38750.25241551591, 'NetIncome': 9660.39830873297, 'OperatingCashFlow': 38034.372337028755, 'EPS': 5.611109546838577}"
TICK050,2023-12-31,Q,income_statement_quarterly,"{'Revenue': 59093.85899680305, 'NetIncome': 15884.921713483162, 'OperatingCashFlow': 8308.862226447447, 'EPS': 5.035217563858006}"
TICK050,2024-03-31,Q,income_statement_quarterly,"{'Revenue': 18022.58479722398, 'NetIncome': 12037.19889244044, 'OperatingCashFlow': 37893.230175425786, 'EPS': 1.9984492867221135}"
TICK050,2024-06-30,Q,income_statement_quarterly,"{'Revenue': 71611.79291429363, 'NetIncome': 12329.001183970719, 'OperatingCashFlow': 5258.699763787222, 'EPS': 0.5058805500316471}"
TICK050,2024-09-30,Q,income_statement_quarterly,"{'Revenue': 17070.690483396695, 'NetIncome': 14539.841337989088, 'OperatingCashFlow': 15231.628843917817, 'EPS': 1.4033284527723962}"
TICK050,2024-12-31,Q,income_statement_quarterly,"{'Revenue': 125930.85330379373, 'NetIncome': 16733.258960597297, 'OperatingCashFlow': 10080.608518512983, 'EPS': 5.594267763617796}"
